@article{Muralidharan2016,
    title = {{A comparison of feature selection methods for machine learning based automatic malarial cell recognition in wholeslide images}},
    year = {2016},
    journal = {3rd IEEE EMBS International Conference on Biomedical and Health Informatics, BHI 2016},
    author = {Muralidharan, Vishnu and Dong, Yuhang and David Pan, W.},
    pages = {216--219},
    isbn = {9781509024551},
    doi = {10.1109/BHI.2016.7455873}
}

@article{Hochman1998a,
    title = {{A era do saneamento: as bases da pol{\'{i}}tica de sa{\'{u}}de p{\'{u}}blica no Brasil}},
    year = {1998},
    journal = {Sa{\'{u}}de em Debate},
    author = {Hochman, Gilberto},
    volume = {113},
    publisher = {Hucitec/Anpocs},
    url = {http://bases.bireme.br/cgi-bin/wxislind.exe/iah/online/?IsisScript=iah/iah.xis&src=google&base=LILACS&lang=p&nextAction=lnk&exprSearch=218631&indexSearch=ID},
    isbn = {85.271.450-4},
    keywords = {Brasil, Pol{\'{i}}tica Social, Pol{\'{i}}tica de Saneamento, Pol{\'{i}}tica de Sa{\'{u}}de, Saneamento Rural, Sa{\'{u}}de P{\'{u}}blica, Seguridade Social},
    language = {pt}
}

@article{Garousi2010c,
    title = {{A Genetic Algorithm-Based Stress Test Requirements Generator Tool and Its Empirical Evaluation}},
    year = {2010},
    journal = {IEEE Transactions on Software Engineering},
    author = {Garousi, V.},
    number = {6},
    month = {11},
    pages = {778--797},
    volume = {36},
    url = {http://ieeexplore.ieee.org/xpl/login.jsp?tp=&arnumber=5383373&url=http://ieeexplore.ieee.org/xpls/abs_all.jsp?arnumber=5383373},
    doi = {10.1109/TSE.2010.5},
    issn = {0098-5589}
}

@article{Garousi2010cb,
    title = {{A Genetic Algorithm-Based Stress Test Requirements Generator Tool and Its Empirical Evaluation}},
    year = {2010},
    journal = {IEEE Transactions on Software Engineering},
    author = {Garousi, V.},
    number = {6},
    month = {11},
    pages = {778--797},
    volume = {36},
    url = {http://ieeexplore.ieee.org/xpl/login.jsp?tp=&arnumber=5383373&url=http%3A%2F%2Fieeexplore.ieee.org%2Fxpls%2Fabs_all.jsp%3Farnumber%3D5383373 http://ieeexplore.ieee.org/xpl/login.jsp?tp=&arnumber=5383373&url=http://ieeexplore.ieee.org/xpls/abs_all.jsp?arnumber=5383373},
    doi = {10.1109/TSE.2010.5},
    issn = {0098-5589}
}

@article{Linder2014,
    title = {{A malaria diagnostic tool based on computer vision screening and visualization of Plasmodium falciparum candidate areas in digitized blood smears}},
    year = {2014},
    journal = {PLoS ONE},
    author = {Linder, Nina and Turkki, Riku and Walliander, Margarita and M{\aa}rtensson, Andreas and Diwan, Vinod and Rahtu, Esa and Pietik{\"{a}}inen, Matti and Lundin, Mikael and Lundin, Johan},
    number = {8},
    volume = {9},
    doi = {10.1371/journal.pone.0104855},
    issn = {19326203},
    pmid = {25144549}
}

@article{Malik2010,
    title = {{A methodology to support load test analysis}},
    year = {2010},
    journal = {2010 ACM/IEEE 32nd International Conference on Software Engineering},
    author = {Malik, Haroon},
    pages = {421--424},
    volume = {2},
    publisher = {IEEE},
    institution = {Queen's University, Kingston, ON, Canada},
    isbn = {978-1-60558-719-6},
    doi = {10.1145/1810295.1810408},
    issn = {0270-5257},
    keywords = {automation, counters, load test, performance counters, principal component analysis}
}

@article{Weyuker2002,
    title = {{A metric to predict software scalability}},
    year = {2002},
    journal = {Proceedings Eighth IEEE Symposium on Software Metrics},
    author = {Weyuker, E.J. and Avritzer, A.},
    isbn = {0-7695-1339-5},
    doi = {10.1109/METRIC.2002.1011334}
}

@misc{DavidCoward1988,
    title = {{A review of software testing}},
    year = {1988},
    booktitle = {Information and Software Technology},
    author = {David Coward, P},
    pages = {189--198},
    volume = {30},
    doi = {10.1016/0950-5849(88)90065-1},
    issn = {09505849}
}

@article{Diaz2009,
    title = {{A semi-automatic method for quantification and classification of erythrocytes infected with malaria parasites in microscopic images}},
    year = {2009},
    journal = {Journal of Biomedical Informatics},
    author = {D{\'{i}}az, Gloria and Gonz{\'{a}}lez, Fabio A. and Romero, Eduardo},
    number = {2},
    pages = {296--307},
    volume = {42},
    publisher = {Elsevier Inc.},
    url = {http://dx.doi.org/10.1016/j.jbi.2008.11.005},
    isbn = {1532-0480 (Electronic){\textbackslash}r1532-0464 (Linking)},
    doi = {10.1016/j.jbi.2008.11.005},
    issn = {15320464},
    pmid = {19166974},
    keywords = {Automatic quantification, Cell classification, Class imbalance, Classifier evaluation, Clump splitting, Connected operators, Feature extraction, Inclusion-Tree, Life stage classification, Machine learning, Malaria parasites, Multi-class classifiers, Pixel color classification, Plasmodium falciparum}
}

@article{Sudheer2014,
    title = {{A Support Vector Machine-Firefly Algorithm based forecasting model to determine malaria transmission}},
    year = {2014},
    journal = {Neurocomputing},
    author = {Sudheer, Ch and Sohani, S. K. and Kumar, Deepak and Malik, Anushree and Chahar, B. R. and Nema, A. K. and Panigrahi, B. K. and Dhiman, R. C.},
    pages = {279--288},
    volume = {129},
    publisher = {Elsevier},
    url = {http://dx.doi.org/10.1016/j.neucom.2013.09.030},
    isbn = {0925-2312},
    doi = {10.1016/j.neucom.2013.09.030},
    issn = {09252312},
    keywords = {FFA, Forecasting, Malarial incidences, SVM, Time series}
}

@article{Inki2012,
    title = {{A Survey of Software Testing in the Cloud}},
    year = {2012},
    journal = {Software Security and Reliability Companion (SERE-C), 2012 IEEE Sixth International Conference on},
    author = {Inï¿½ki, K and Ari, I and Sozer, H},
    pages = {18--23},
    url = {http://ieeexplore.ieee.org/lpdocs/epic03/wrapper.htm?arnumber=6258440},
    isbn = {978-1-4673-2670-4},
    doi = {10.1109/SERE-C.2012.32},
    keywords = {Cloud computing;Computational modeling;Mobile comm}
}

@article{Inki2012b,
    title = {{A Survey of Software Testing in the Cloud}},
    year = {2012},
    journal = {2012 IEEE Sixth International Conference on Software Security and Reliability Companion},
    author = {Inki, Koray and Ari, Ismail and Sozer, Hasan},
    pages = {18--23},
    url = {http://ieeexplore.ieee.org/lpdocs/epic03/wrapper.htm?arnumber=6258440},
    isbn = {978-1-4673-2670-4},
    doi = {10.1109/SERE-C.2012.32}
}

@article{Kalantarmotamedi2018,
    title = {{A systematic and prospectively validated approach for identifying synergistic drug combinations against malaria}},
    year = {2018},
    journal = {Malaria Journal},
    author = {Kalantarmotamedi, Yasaman and Eastman, Richard T. and Guha, Rajarshi and Bender, Andreas},
    number = {1},
    pages = {1--16},
    volume = {17},
    isbn = {1293601822945},
    doi = {10.1186/s12936-018-2294-5},
    issn = {14752875},
    pmid = {29642892},
    keywords = {Compound combination modelling, Machine learning, Malaria, Synergistic anti-malaria compound combinations, Synergy prediction, Transcriptional drug repositioning}
}

@article{Eickelmann1996,
    title = {{An evaluation of software test environment architectures}},
    year = {1996},
    journal = {Proceedings of IEEE 18th International Conference on Software Engineering},
    author = {Eickelmann, N.S. and Richardson, D.J.},
    isbn = {0-8186-7247-1},
    doi = {10.1109/ICSE.1996.493430},
    issn = {0270-5257}
}

@article{Moonasar2007,
    title = {{An exploratory study of factors that affect the performance and usage of rapid diagnostic tests for malaria in the Limpopo Province, South Africa}},
    year = {2007},
    journal = {Malaria Journal},
    author = {Moonasar, Devanand and Goga, Ameena Ebrahim and Frean, John and Kruger, Philip and Chandramohan, Daniel},
    pages = {1--5},
    volume = {6},
    isbn = {1475-2875},
    doi = {10.1186/1475-2875-6-74},
    issn = {14752875},
    pmid = {17543127}
}

@article{Anand2013,
    title = {{An orchestrated survey of methodologies for automated software test case generation}},
    year = {2013},
    journal = {Journal of Systems and Software},
    author = {Anand, Saswat and Burke, Edmund K. and Chen, Tsong Yueh and Clark, John and Cohen, Myra B. and Grieskamp, Wolfgang and Harman, Mark and Harrold, Mary Jean and McMinn, Phil},
    pages = {1978--2001},
    volume = {86},
    doi = {10.1016/j.jss.2013.02.061},
    issn = {01641212},
    keywords = {Adaptive random testing, Combinatorial testing, Model-based testing, Orchestrated survey, Search-based software testing, Software testing, Symbolic execution, Test automation, Test case generation}
}

@article{Srivastava2009a,
    title = {{Application of Genetic Algorithm in Software Testing}},
    year = {2009},
    journal = {Intenational Journal of Software Engineering and Its Applications},
    author = {Srivastava, Praveen Ranjan and Kim, Tai-hoon},
    pages = {87--96},
    volume = {3},
    keywords = {genetic algorithm, software testing, test data}
}

@article{Gueorguieva2013,
    title = {{Applying Faster R-CNN for Object Detection on Malaria Images}},
    year = {2013},
    journal = {J R Stat Soc Ser A Stat Soc},
    author = {Hung, Jane, Allen Goodman, Stefanie Lopes, Carpenter, Anne},
    number = {2},
    pages = {417--433},
    volume = {175},
    isbn = {9781573317795},
    doi = {10.1111/j.1467-985X.2011.00719.x.Joint},
    issn = {1749-6632},
    pmid = {20146720},
    keywords = {competing risk, dropout, interval censoring, joint analysis, repeated measures}
}

@article{Park2016,
    title = {{Automated Detection of P. falciparum using machine learning algorithms with quantitative phase images of unstained cells}},
    year = {2016},
    journal = {PLoS ONE},
    author = {Park, Han Sang and Rinehart, Matthew T. and Walzer, Katelyn A. and Ashley Chi, Jen Tsan and Wax, Adam},
    number = {9},
    volume = {11},
    doi = {10.1371/journal.pone.0163045},
    issn = {19326203},
    pmid = {27636719}
}

@article{Nugroho2017,
    title = {{Automated determination of plasmodium region of interest on thin blood smear images}},
    year = {2017},
    journal = {2017 International Seminar on Intelligent Technology and Its Application: Strengthening the Link Between University Research and Industry to Support ASEAN Energy Sector, ISITIA 2017 - Proceeding},
    author = {Nugroho, Hanung Adi and Saputra, Wahyu Andi and Permanasari, Adhistya Erna and Murhandarwati, E. Elsa Herdiana},
    pages = {352--355},
    volume = {2017-Janua},
    isbn = {9781538627068},
    doi = {10.1109/ISITIA.2017.8124108},
    keywords = {Automated determination of region, Binary large object analysis, Morphological operation, Plasmodium parasite, Thin blood smear images}
}

@phdthesis{Sorgedrager2018,
    title = {{Automated malaria diagnosis using convolutional neural networks in an on-field setting The analysis of low quality smartphone based microscope images}},
    year = {2018},
    author = {Sorgedrager, R}
}

@article{Kareem2012,
    title = {{Automated malaria parasite detection in thin blood films:-A hybrid illumination and color constancy insensitive, morphological approach}},
    year = {2012},
    journal = {IEEE Asia-Pacific Conference on Circuits and Systems, Proceedings, APCCAS},
    author = {Kareem, S. and Kale, I. and Morling, R. C S},
    pages = {240--243},
    isbn = {9781457717291},
    doi = {10.1109/APCCAS.2012.6419016}
}

@inproceedings{Zhang2011,
    title = {{Automatic generation of load tests}},
    year = {2011},
    booktitle = {Proceedings of the 2011 26th IEEE/ACM International Conference on Automated Software Engineering},
    author = {Zhang, Pingyu and Elbaum, Sebastian and Dwyer, Matthew B},
    pages = {43--52},
    url = {http://dx.doi.org/10.1109/ASE.2011.6100093},
    isbn = {978-1-4577-1638-6},
    doi = {10.1109/ASE.2011.6100093}
}

@inproceedings{Jiang2008,
    title = {{Automatic identification of load testing problems}},
    year = {2008},
    booktitle = {IEEE International Conference on Software Maintenance, ICSM},
    author = {Jiang, Zhen Ming and Hassan, Ahmed E. and Hamann, Gilbert and Flora, Parminder},
    pages = {307--316}
}

@article{Savkare2012,
    title = {{Automatic System for Classification of Erythrocytes Infected with Malaria and Identification of Parasite's Life Stage}},
    year = {2012},
    journal = {Procedia Technology},
    author = {Savkare, S.S. and Narote, S.P.},
    pages = {405--410},
    volume = {6},
    url = {http://linkinghub.elsevier.com/retrieve/pii/S2212017312005932},
    isbn = {2212-0173},
    doi = {10.1016/j.protcy.2012.10.048},
    issn = {22120173},
    keywords = {Feature Extraction, OTSU's threshold, SVM classifier, Watershed Transform}
}

@article{Dong2017,
    title = {{Classification accuracies of malaria infected cells using deep convolutional neural networks based on decompressed images}},
    year = {2017},
    journal = {SoutheastCon, 2017},
    author = {Dong, Yuhang and Jiang, Zhuocheng and Shen, Hongda and Pan, W David},
    pages = {1--6},
    isbn = {9781538615393},
    doi = {10.1109/SECON.2017.7925268},
    issn = {07347502}
}

@article{Mustafa2009,
    title = {{Classification of Software Testing Tools Based on the Software Testing Methods}},
    year = {2009},
    journal = {Electrical Engineering},
    author = {Mustafa, Khaled M and Al-qutaish, Rafa E and Muhairat, Mohammad I},
    pages = {229--233},
    url = {http://ieeexplore.ieee.org/lpdocs/epic03/wrapper.htm?arnumber=5380492},
    isbn = {9781424453658},
    doi = {10.1109/ICCEE.2009.9},
    keywords = {case, classification, software testing tools, types software}
}

@inproceedings{Bai2011,
    title = {{Cloud testing tools}},
    year = {2011},
    booktitle = {Proceedings - 6th IEEE International Symposium on Service-Oriented System Engineering, SOSE 2011},
    author = {Bai, Xiaoying and Li, Muyang and Chen, Bin and Tsai, Wei Tek and Gao, Jerry},
    pages = {1--12},
    isbn = {9781467304108},
    doi = {10.1109/SOSE.2011.6139087},
    keywords = {Cloud Computing, Cloud Testing, Testing Tool}
}

@article{Liang2017,
    title = {{CNN-based image analysis for malaria diagnosis}},
    year = {2017},
    journal = {Proceedings - 2016 IEEE International Conference on Bioinformatics and Biomedicine, BIBM 2016},
    author = {Liang, Z. and Powell, A. and Ersoy, I. and Poostchi, M. and Silamut, K. and Palaniappan, K. and Guo, P. and Hossain, M.A. and Sameer, A. and Maude, R.J. and Huang, J.X. and Jaeger, S. and Thoma, G.},
    pages = {493--496},
    isbn = {9781509016105},
    doi = {10.1109/BIBM.2016.7822567},
    keywords = {Computer-aided diagnosis, Convolutional neural network, Deep learning, Machine learning, Malaria}
}

@article{Liang2016,
    title = {{CNN-Based Image Analysis for Malaria Diagnosis}},
    year = {2016},
    journal = {IEEE International Conference on Bioinformatics {\&} Biomedicine (BIBM)},
    author = {Liang, Zhaohui and Powell, Andrew and Ersoy, Ilker and Poostchi, Mahdieh and Silamut, Kamolrat and Palaniappan, Kannappan and Guo, Peng and Hossain, Md Amir and Sameer, Antani and Maude, Richard James and Huang, Jimmy Xiangji and Jaeger, Stefan and Thoma, George},
    pages = {8--11},
    url = {https://lhncbc.nlm.nih.gov/system/files/pub9433.pdf},
    keywords = {computer-aided diagnosis, deep learning, machine learning, malaria, â convolutional neural network}
}

@article{A.Abisoye2018,
    title = {{Comparative Study on the Prediction of Symptomatic and Climatic based Malaria Parasite Counts Using Machine Learning Models}},
    year = {2018},
    journal = {International Journal of Modern Education and Computer Science},
    author = {A. Abisoye, Opeyemi and G. Jimoh, Rasheed},
    number = {4},
    pages = {18--25},
    volume = {10},
    url = {http://www.mecs-press.org/ijmecs/ijmecs-v10-n4/v10n4-3.html},
    doi = {10.5815/ijmecs.2018.04.03},
    issn = {20750161}
}

@article{Mehanian2017,
    title = {{Computer-Automated Malaria Diagnosis and Quantitation Using Convolutional Neural Networks}},
    year = {2017},
    journal = {2017 IEEE International Conference on Computer Vision Workshops (ICCVW)},
    author = {Mehanian, Courosh and Jaiswal, Mayoore and Delahunt, Charles and Thompson, Clay and Horning, Matt and Hu, Liming and McGuire, Shawn and Ostbye, Travis and Mehanian, Martha and Wilson, Ben and Champlin, Cary and Long, Earl and Proux, Stephane and Gamboa, Dionicia and Chiodini, Peter and Carter, Jane and Dhorda, Mehul and Isaboke, David and Ogutu, Bernhards and Oyibo, Wellington and Villasis, Elizabeth and Tun, Kyaw Myo and Bachman, Christine and Bell, David},
    pages = {116--125},
    url = {http://ieeexplore.ieee.org/document/8265232/},
    isbn = {978-1-5386-1034-3},
    doi = {10.1109/ICCVW.2017.22}
}

@article{Banzai2010,
    title = {{D-Cloud: Design of a Software Testing Environment for Reliable Distributed Systems Using Cloud Computing Technology}},
    year = {2010},
    journal = {2010 10th IEEE/ACM International Conference on Cluster, Cloud and Grid Computing},
    author = {Banzai, Takayuki and Koizumi, Hitoshi and Kanbayashi, Ryo and Imada, Takayuki and Hanawa, Toshihiro and Sato, Mitsuhisa},
    pages = {631--636},
    url = {http://ieeexplore.ieee.org/lpdocs/epic03/wrapper.htm?arnumber=5493414},
    isbn = {978-1-4244-6987-1},
    doi = {10.1109/CCGRID.2010.72}
}

@book{Machado1978a,
    title = {{Dana{\c{c}}{\~{a}}o da norma: medicina social e constitui{\c{c}}{\~{a}}o da psiquiatria no Brasil}},
    year = {1978},
    author = {Machado, Roberto},
    url = {http://books.google.com.br/books/about/DanaÃ§Ã£o_da_norma.html?id=0BVgAAAAMAAJ&pgis=1}
}

@article{Xie2009,
    title = {{Data mining for software engineering}},
    year = {2009},
    journal = {Computer},
    author = {Xie, Tao and Thummalapenta, Suresh and Lo, David and Liu, Chao},
    number = {8},
    pages = {55--62},
    volume = {42},
    pmid = {15263868},
    keywords = {Classification algorithms, Computational intelligence, Data mining, Design and test, Heuristic algorithms, Pattern matching, Software, Software algorithms, Software engineering}
}

@article{Lecun2015,
    title = {{Deep learning}},
    year = {2015},
    journal = {Nature},
    author = {Lecun, Yann and Bengio, Yoshua and Hinton, Geoffrey},
    number = {7553},
    pages = {436--444},
    volume = {521},
    isbn = {9780521835688},
    doi = {10.1038/nature14539},
    issn = {14764687},
    pmid = {10463930},
    arxivId = {arXiv:1312.6184v5}
}

@article{Akerkar2004,
    title = {{Doctor patient relationship: changing dynamics in the information age.}},
    year = {2004},
    journal = {Journal of postgraduate medicine},
    author = {Akerkar, S M and Bichile, L S},
    number = {2},
    month = {1},
    pages = {120--2},
    volume = {50},
    publisher = {Medknow Publications},
    url = {http://www.jpgmonline.com/article.asp?issn=0022-3859;year=2004;volume=50;issue=2;spage=120;epage=122;aulast=Akerkar},
    issn = {0022-3859},
    pmid = {15235209},
    keywords = {Health Knowledge, Attitudes, Practice, Humans, Information Services, Internet, Patient Education as Topic, Physician-Patient Relations},
    language = {en}
}

@book{Orga,
    title = {{Educacao, Saude, Realidade E Utopias}},
    author = {org, Elizabeth Piemonte Constantine e Ilda A. Caruso},
    pages = {88},
    publisher = {Arte {\&} Ci{\^{e}}ncia},
    url = {http://books.google.com/books?id=tomsf378j0YC&pgis=1},
    isbn = {8574731471}
}

@inproceedings{Rajappa2008a,
    title = {{Efficient Software Test Case Generation Using Genetic Algorithm Based Graph Theory}},
    year = {2008},
    booktitle = {2008 First International Conference on Emerging Trends in Engineering and Technology},
    author = {Rajappa, Velur and Biradar, Arun and Panda, Satanik},
    pages = {6},
    publisher = {IEEE Comput. Soc},
    url = {http://ieeexplore.ieee.org/lpdocs/epic03/wrapper.htm?arnumber=4579914},
    isbn = {978-0-7695-3267-7},
    doi = {10.1109/ICETET.2008.79},
    keywords = {Crossover (CO), Dual Graph (DG), Genetic Algorithm (GA)}
}

@article{Avritzer2007,
    title = {{Ensuring system performance for cluster and single server systems}},
    year = {2007},
    journal = {Journal of Systems and Software},
    author = {Avritzer, Alberto and Bondi, Andr?? and Weyuker, Elaine J.},
    pages = {441--454},
    volume = {80},
    doi = {10.1016/j.jss.2006.07.020},
    issn = {01641212},
    keywords = {Customer-affecting metric, Software monitoring, Software performance, Software rejuvenation}
}

@article{ShuleendaDevi2016,
    title = {{Erythrocyte Features for Malaria Parasite Detection in Microscopic Images of Thin Blood Smear: A Review}},
    year = {2016},
    journal = {International Journal of Interactive Multimedia and Artificial Intelligence},
    author = {Shuleenda Devi, Salam and Alam Sheikh, Shah and Hussain Laskar, Rabul},
    number = {2},
    pages = {34},
    volume = {4},
    url = {http://www.ijimai.org/journal/node/1442},
    doi = {10.9781/ijimai.2016.426},
    issn = {1989-1660},
    keywords = {arasites, erythrocyte, erythrocyte features, m orphological f eature, malaria parasite, medical imaging, of m alaria p, table i}
}

@article{Eshel2017,
    title = {{Evaluation of the parasight platform for malaria diagnosis}},
    year = {2017},
    journal = {Journal of Clinical Microbiology},
    author = {Eshel, Yochay and Houri-Yafin, Arnon and Benkuzari, Hagai and Lezmy, Natalie and Soni, Mamta and Charles, Malini and Swaminathan, Jayanthi and Solomon, Hilda and Sampathkumar, Pavithra and Premji, Zul and Mbithi, Caroline and Nneka, Zaitun and Onsongo, Simon and Maina, Daniel and Levy-Schreier, Sarah and Cohen, Caitlin Lee and Gluck, Dan and Pollak, Joseph Joel and Salpeter, Seth J.},
    number = {3},
    pages = {768--775},
    volume = {55},
    isbn = {1098-660X (Electronic) 0095-1137 (Linking)},
    doi = {10.1128/JCM.02155-16},
    issn = {1098660X},
    pmid = {27974542},
    keywords = {Computer vision, Diagnosis, Machine learning, Malaria}
}

@article{Dong2017b,
    title = {{Evaluations of deep convolutional neural networks for automatic identification of malaria infected cells}},
    year = {2017},
    journal = {2017 IEEE EMBS International Conference on Biomedical {\&} Health Informatics (BHI)},
    author = {Dong, Yuhang and Jiang, Zhuocheng and Shen, Hongda and David Pan, W. and Williams, Lance A. and Reddy, Vishnu V. B. and Benjamin, William H. and Bryan, Allen W.},
    pages = {101--104},
    url = {http://ieeexplore.ieee.org/document/7897215/},
    isbn = {978-1-5090-4179-4},
    doi = {10.1109/BHI.2017.7897215},
    keywords = {Image analysis,processing and classification,Super}
}

@inproceedings{Pacheco2008,
    title = {{Finding Errors in .NET with Feedback-Directed Random Testing}},
    year = {2008},
    booktitle = {International Symposium on Software Testing and Analysis},
    author = {Pacheco, Carlos and Lahiri, Shuvendu K. and Ball, Thomas},
    pages = {87--96},
    url = {http://portal.acm.org/citation.cfm?id=1390630.1390643},
    isbn = {9781605580500},
    doi = {10.1145/1390630.1390643},
    keywords = {undefined}
}

@misc{Barford1998,
    title = {{Generating representative Web workloads for network and server performance evaluation}},
    year = {1998},
    booktitle = {ACM SIGMETRICS Performance Evaluation Review},
    author = {Barford, Paul and Crovella, Mark},
    number = {1},
    pages = {151--160},
    volume = {26},
    issn = {01635999}
}

@article{Michael2001,
    title = {{Generating software test data by evolution}},
    year = {2001},
    journal = {IEEE Transactions on Software Engineering},
    author = {Michael, Christoph C. and McGraw, Gary and Schatz, Michael A.},
    pages = {1085--1110},
    volume = {27},
    isbn = {0098-5589},
    doi = {10.1109/32.988709},
    issn = {00985589},
    keywords = {Automatic test case generation, Code coverage, Combinatorial optimization, Genetic algorithms, Software testing}
}

@book{Alander,
    title = {{Genetic Algorithm Based Software Testing}},
    author = {Alander, Jarmo T. and Mantere, Timo and Turunen, Pekka},
    url = {http://citeseerx.ist.psu.edu/viewdoc/download?doi=10.1.1.52.9891&rep=rep1&type=pdf http://citeseerx.ist.psu.edu/viewdoc/summary?doi=10.1.1.52.9891}
}

@inproceedings{Hermadi2003,
    title = {{Genetic Algorithm Based Test Data Generator}},
    year = {2003},
    booktitle = {CEC - Congress on Evolutionary Computation},
    author = {Hermadi, I. and Ahmed, M.A.},
    pages = {85--91},
    url = {http://ieeexplore.ieee.org/xpl/freeabs_all.jsp?arnumber=1299560},
    isbn = {0-7803-7804-0},
    doi = {10.1109/CEC.2003.1299560}
}

@incollection{Tilley2012,
    title = {{HadoopUnit: Test Execution in the Cloud}},
    year = {2012},
    booktitle = {Software Testing in the Cloud},
    author = {Tilley, Scott and Parveen, Tauhida},
    pages = {37--53},
    url = {http://dx.doi.org/10.1007/978-3-642-32122-1_3},
    isbn = {978-3-642-32122-1},
    doi = {10.1007/978-3-642-32122-1}
}

@book{Barros2011a,
    title = {{Hist{\'{o}}ria E Legisla{\c{c}}{\~{a}}o Do Sus E Sa{\'{u}}de Da Fam{\'{i}}lia}},
    year = {2011},
    author = {Barros, Fabio Batalha Monteiro De},
    pages = {143},
    publisher = {Fabio Batalha},
    url = {http://books.google.com/books?id=zt1zh3escCMC&pgis=1},
    isbn = {8591185501}
}

@article{Devi2018,
    title = {{Hybrid classifier based life cycle stages analysis for malaria-infected erythrocyte using thin blood smear images}},
    year = {2018},
    journal = {Neural Computing and Applications},
    author = {Devi, Salam Shuleenda and Laskar, Rabul Hussain and Sheikh, Shah Alam},
    number = {8},
    pages = {217--235},
    volume = {29},
    publisher = {Springer London},
    doi = {10.1007/s00521-017-2937-4},
    issn = {09410643},
    keywords = {Classifier combination techniques, Erythrocyte, Hybrid classifier, KruskalâWallis with incremental feature selection, Malaria infection}
}

@book{Committee1998,
    title = {{IEEE Standard for Software Test Documentation}},
    year = {1998},
    booktitle = {Test},
    author = {Committee, Technical},
    pages = {1--9},
    volume = {1998},
    url = {http://ieeexplore.ieee.org/servlet/opac?punumber=5976},
    isbn = {073811443X},
    doi = {10.1109/IEEESTD.2008.4578383},
    keywords = {345 east 47th street, electronics engineers, inc, institute electrical, new york, ny 10017 2394, tal report, test case specification, test design specification, test incident report, test item transmit, test log, test plan, test procedure specification, test summary report, usa}
}

@article{Poostchi2018a,
    title = {{Image analysis and machine learning for detecting malaria}},
    year = {2018},
    journal = {Translational Research},
    author = {Poostchi, Mahdieh and Silamut, Kamolrat and Maude, Richard J. and Jaeger, Stefan and Thoma, George},
    pages = {36--55},
    volume = {194},
    publisher = {Elsevier Inc.},
    url = {https://doi.org/10.1016/j.trsl.2017.12.004},
    isbn = {1878-1810},
    doi = {10.1016/j.trsl.2017.12.004},
    issn = {18781810},
    pmid = {29360430}
}

@article{Zhang2016,
    title = {{Image classification of unlabeled malaria parasites in red blood cells}},
    year = {2016},
    journal = {2016 38th Annual International Conference of the IEEE Engineering in Medicine and Biology Society (EMBC)},
    author = {Zhang, Zheng and Ong, L.L. Sharon and Fang, Kong and Matthew, Athul and Dauwels, Justin and Dao, Ming and Asada, Harry},
    pages = {3981--3984},
    url = {http://ieeexplore.ieee.org/document/7591599/},
    isbn = {978-1-4577-0220-4},
    doi = {10.1109/EMBC.2016.7591599},
    issn = {1557170X}
}

@book{Lacaz1972,
    title = {{Introdu{\c{c}}{\~{a}}o {\`{a}} geografia m{\'{e}}dica do Brasil}},
    year = {1972},
    author = {Lacaz, Carlos da Silva and Baruzzi, Robert Geraldo and J{\'{u}}nior, Waldomiro Siqueira},
    url = {http://books.google.com.br/books/about/IntroduÃ§Ã£o_Ã _geografia_mÃ©dica_do_Bra.html?id=R_5fAAAAMAAJ&pgis=1}
}

@book{Ammann2008,
    title = {{Introduction to Software Testing}},
    year = {2008},
    booktitle = {Cambridge University Press},
    author = {Ammann, Paul and Offutt, Jeff},
    pages = {344},
    volume = {54},
    url = {http://www.amazon.com/Introduction-Software-Testing-Paul-Ammann/dp/0521880386},
    isbn = {9780521880381}
}

@article{Burns2011,
    title = {{Introduction to the software testing and internet testbeds minitrack}},
    year = {2011},
    journal = {Proceedings of the Annual Hawaii International Conference on System Sciences},
    author = {Burns, Luanne and Ostrenga, Ronald and Linger, Richard},
    pages = {5536},
    isbn = {9780769545257},
    doi = {10.1109/HICSS.2012.378},
    issn = {15301605}
}

@article{Mueller2009,
    title = {{Key gaps in the knowledge of Plasmodium vivax, a neglected human malaria parasite}},
    year = {2009},
    journal = {The Lancet Infectious Diseases},
    author = {Mueller, Ivo and Galinski, Mary R. and Baird, J. Kevin and Carlton, Jane M. and Kochar, Dhanpat K. and Alonso, Pedro L. and del Portillo, Hernando A.},
    number = {9},
    pages = {555--566},
    volume = {9},
    publisher = {Elsevier Ltd},
    url = {http://dx.doi.org/10.1016/S1473-3099(09)70177-X},
    isbn = {1474-4457 (Electronic){\textbackslash}n1473-3099 (Linking)},
    doi = {10.1016/S1473-3099(09)70177-X},
    issn = {14733099},
    pmid = {19695492}
}

@inproceedings{Hanawa2010,
    title = {{Large-Scale Software Testing Environment Using Cloud Computing Technology for Dependable Parallel and Distributed Systems}},
    year = {2010},
    booktitle = {2010 Third International Conference on Software Testing, Verification, and Validation Workshops},
    author = {Hanawa, Toshihiro and Banzai, Takayuki and Koizumi, Hitoshi and Kanbayashi, Ryo and Imada, Takayuki and Sato, Mitsuhisa},
    pages = {428--433},
    publisher = {IEEE},
    url = {http://ieeexplore.ieee.org/xpl/articleDetails.jsp?arnumber=5463684},
    isbn = {978-1-4244-6773-0},
    doi = {10.1109/ICSTW.2010.59}
}

@inproceedings{Pu2009,
    title = {{Load testing for web applications}},
    year = {2009},
    booktitle = {2009 1st International Conference on Information Science and Engineering, ICISE 2009},
    author = {Pu, Yunming and Xu, Mingna and Yunming, Pu and Mingna, Xu and Pu Y., Xu M},
    pages = {2954--2957},
    url = {http://www.scopus.com/inward/record.url?eid=2-s2.0-77952777769&partnerID=40&md5=423d5e215ed1b19a84429b0a116b1598\nhttp://dx.doi.org/10.1109/ICISE.2009.720},
    isbn = {9780769538877},
    doi = {10.1109/ICISE.2009.720},
    keywords = {Automatic testing, Information science, Internet, LoadRunner testing tools, Online examinations, Perform, Performance counters, Performance testing, System performance, TestDirector testing tools, Testing tools, Troubleshooting, Web application, World Wid, World Wide Web, concurrency users, load testing, online examination system, performance counter, performance testing criteria, program testing, response time, software performance evaluation, software troubleshooting, system reliability}
}

@inproceedings{Avritzer1993a,
    title = {{Load Testing Software Using Deterministic State Testing}},
    year = {1993},
    author = {Avritzer, Alberto and Larson, Brian},
    pages = {82â88},
    series = {ISSTA '93},
    publisher = {ACM},
    url = {http://doi.acm.org/10.1145/154183.154244},
    address = {New York, NY, USA},
    isbn = {0-89791-608-5},
    doi = {10.1145/154183.154244}
}

@inproceedings{Elyasov2012,
    title = {{Log-based testing}},
    year = {2012},
    booktitle = {Proceedings - International Conference on Software Engineering},
    author = {Elyasov, Alexander},
    pages = {1591--1594},
    isbn = {9781467310673},
    doi = {10.1109/ICSE.2012.6227029},
    issn = {02705257},
    keywords = {instrumentation, log file analysis, rewriting}
}

@article{Abbas2018,
    title = {{Machine aided malaria parasitemia detection in Giemsa-stained thin blood smears}},
    year = {2018},
    journal = {Neural Computing and Applications},
    author = {Abbas, Naveed and Saba, Tanzila and Mohamad, Dzulkifli and Rehman, Amjad and Almazyad, Abdulaziz S. and Al-Ghamdi, Jarallah Saleh},
    number = {3},
    pages = {803--818},
    volume = {29},
    publisher = {Springer London},
    isbn = {0052101624746},
    doi = {10.1007/s00521-016-2474-6},
    issn = {09410643},
    keywords = {Features mining, Machine aided, Malaria Parasitemia, Thin blood smears}
}

@article{Das2013,
    title = {{Machine learning approach for automated screening of malaria parasite using light microscopic images}},
    year = {2013},
    journal = {Micron},
    author = {Das, Dev Kumar and Ghosh, Madhumala and Pal, Mallika and Maiti, Asok K. and Chakraborty, Chandan},
    pages = {97--106},
    volume = {45},
    publisher = {Elsevier Ltd},
    url = {http://dx.doi.org/10.1016/j.micron.2012.11.002},
    doi = {10.1016/j.micron.2012.11.002},
    issn = {09684328},
    pmid = {23218914},
    keywords = {Bayesian classifier, Erythrocyte, Machine learning, Malaria parasite, Texture}
}

@article{Penas2017,
    title = {{Malaria Parasite Detection and Species Identification on Thin Blood Smears Using a Convolutional Neural Network}},
    year = {2017},
    journal = {Connected Health: Applications, Systems and Engineering Technologies (CHASE), 2017 IEEE/ACM International Conference on},
    author = {Pe{\~{n}}as, Kristofer E Delas and Rivera, Pilarita T and Naval, Prospero C},
    pages = {1--6},
    isbn = {978-1-5090-4722-2},
    doi = {10.1109/CHASE.2017.51},
    keywords = {convolutional neural, intelligent systems, malaria}
}

@article{Bibin2017,
    title = {{Malaria Parasite Detection from Peripheral Blood Smear Images Using Deep Belief Networks}},
    year = {2017},
    journal = {IEEE Access},
    author = {Bibin, Dhanya and Nair, Madhu S. and Punitha, P.},
    pages = {9099--9108},
    volume = {5},
    isbn = {4846006006006},
    doi = {10.1109/ACCESS.2017.2705642},
    issn = {21693536},
    keywords = {Deep learning, contrastive divergence, deep belief network, discriminative training, malaria parasite detection, restricted Boltzmann machine}
}

@book{Meade2010,
    title = {{Medical Geography, Third Edition [Hardcover]}},
    year = {2010},
    author = {Meade, Melinda},
    pages = {498},
    publisher = {The Guilford Press; Third Edition edition},
    url = {http://www.amazon.com/Medical-Geography-Third-Edition-Melinda/dp/1606230166},
    isbn = {1606230166}
}

@article{Nie2016,
    title = {{Medical Image Synthesis with Context-Aware Generative Adversarial Networks}},
    year = {2016},
    author = {Nie, Dong and Trullo, Roger and Petitjean, Caroline and Ruan, Su and Shen, Dinggang},
    url = {http://arxiv.org/abs/1612.05362},
    isbn = {1406.2661},
    doi = {10.1007/978-3-319-66179-7{\_}48},
    issn = {10495258},
    arxivId = {1612.05362},
    keywords = {auto-, deep learning, gan, generative models, image synthesis}
}

@article{Mas2015,
    title = {{Novel image processing approach to detect malaria}},
    year = {2015},
    journal = {Optics Communications},
    author = {Mas, David and Ferrer, Belen and Cojoc, Dan and Finaurini, Sara and Mico, Vicente and Garcia, Javier and Zalevsky, Zeev},
    pages = {13--18},
    volume = {350},
    publisher = {Elsevier},
    url = {http://dx.doi.org/10.1016/j.optcom.2015.03.064},
    doi = {10.1016/j.optcom.2015.03.064},
    issn = {00304018},
    keywords = {Biomedicine, Image processing, Malaria detection, Microscopy}
}

@article{Pattanaik2017,
    title = {{Object Detection Technique For Malaria Parasite In Thin Blood Smear Images}},
    year = {2017},
    author = {Pattanaik, P A and Swarnkar, Tripti and Sheet, Debdoot},
    pages = {2120--2123},
    url = {https://www.cdc.gov/dpdx/malaria/index.html},
    isbn = {9781509030507},
    keywords = {Computer vision, Kalman Filter, Kernal Based Detection, Malaria, Object Detection}
}

@inproceedings{Ho2006,
    title = {{On Agile performance requirements specification and testing}},
    year = {2006},
    booktitle = {Proceedings - AGILE Conference, 2006},
    author = {Ho, Chih Wei and Johnson, Michael J. and Williams, Laurie and Maximilien, E. Michael},
    pages = {47--52},
    volume = {2006},
    isbn = {0769525628},
    doi = {10.1109/AGILE.2006.41}
}

@article{Seragiotto2003,
    title = {{On using Aksum for semi-automatically searching of performance problems in parallel and distributed programs}},
    year = {2003},
    journal = {Eleventh Euromicro Conference on Parallel, Distributed and Network-Based Processing, 2003. Proceedings.},
    author = {Seragiotto, C. and Fahringer, T. and Geissler, M. and Madsen, G. and Moritsch, H.},
    isbn = {0-7695-1875-3},
    doi = {10.1109/EMPDP.2003.1183615},
    issn = {1066-6192}
}

@article{Ohtera1990,
    title = {{Optimal allocation {\&} control problems for software-testing resources}},
    year = {1990},
    journal = {IEEE Transactions on Reliability},
    author = {Ohtera, Hiroshi and Yamada, Shigeru},
    pages = {171--176},
    volume = {39},
    doi = {10.1109/24.55878},
    issn = {00189529}
}

@article{Gayatri2009,
    title = {{Performance Analysis of Datamining Algorithms for Software Quality Prediction}},
    year = {2009},
    journal = {2009 International Conference on Advances in Recent Technologies in Communication and Computing},
    author = {Gayatri, N. and Nickolas, S. and Reddy, A.V. and Chitra, R.},
    isbn = {978-1-4244-5104-3},
    doi = {10.1109/ARTCom.2009.12},
    keywords = {BFTree, CART, Classification, Cross{\&}{\#}150;Validation, J48, Naive Bayesian, Random forest, Software Quality}
}

@inproceedings{Zhao2011,
    title = {{Performance modeling of apache web server affected by aging}},
    year = {2011},
    booktitle = {Proceedings - 2011 3rd International Workshop on Software Aging and Rejuvenation, WoSAR 2011},
    author = {Zhao, Jing and Trivedi, Kishor S.},
    pages = {56--61},
    isbn = {9780769546162},
    doi = {10.1109/WoSAR.2011.13},
    keywords = {queueing model, response time distribution, software aging detection, software performance degradation, software rejuvenation algorithm}
}

@article{Kim2009,
    title = {{Performance testing based on test-driven development for mobile applications}},
    year = {2009},
    journal = {Proceedings of the 3rd International Conference on Ubiquitous Information Management and Communication - ICUIMC '09},
    author = {Kim, Heejin and Choi, Byoungju and Yoon, Seokjin},
    pages = {612},
    url = {http://portal.acm.org/citation.cfm?doid=1516241.1516349},
    isbn = {9781605584058},
    doi = {10.1145/1516241.1516349},
    keywords = {mobile, performance testing, tdd, test-driven development}
}

@misc{Corporation2007c,
    title = {{Performance Testing Guidance for Web Applications}},
    year = {2007},
    author = {Corporation, Microsoft},
    edition = {1 edition},
    month = {11},
    pages = {288},
    publisher = {Microsoft Press},
    url = {http://www.amazon.com/Performance-Testing-Guidance-Web-Applications/dp/0735625700 http://msdn.microsoft.com/en-us/library/bb924375.aspx http://it-ebooks.info/book/323/},
    address = {United States?},
    isbn = {9780735625709},
    language = {English}
}

@article{Draheim2006,
    title = {{Realistic load testing of Web applications}},
    year = {2006},
    journal = {Conference on Software Maintenance and Reengineering (CSMR'06)},
    author = {Draheim, D. and Grundy, J. and Hosking, J. and Lutteroth, C. and Weber, G.},
    isbn = {0-7695-2536-9},
    doi = {10.1109/CSMR.2006.43},
    issn = {1052-8725}
}

@article{Kouwaye,
    title = {{Regression Trees and Random forest based feature selection for malaria risk exposure prediction}},
    author = {Kouway{\`{e}}, Bienvenue},
    pages = {1--15},
    url = {http://arxiv.org/abs/1606.07578},
    arxivId = {1606.07578},
    keywords = {cross-validation, prediction, random forest, regression trees, selection, variables}
}

@inproceedings{Shen2009,
    title = {{Research on the Application of Data Mining in Software Testing and Defects Analysis}},
    year = {2009},
    booktitle = {Intelligent Computation Technology and Automation, 2009. ICICTA '09. Second International Conference on},
    author = {Shen, Yanguang and Liu, Jie},
    pages = {619--621},
    volume = {2},
    isbn = {978-0-7695-3804-4},
    doi = {10.1109/ICICTA.2009.384},
    keywords = {association rule;data mining;defects analysis;soft}
}

@inproceedings{Woltjer2008,
    title = {{Resilience Assessment Based on Models of Functional Resonance}},
    year = {2008},
    booktitle = {3rd Symposium on Resilience Engineering},
    author = {Woltjer, Rogier},
    pages = {299--303},
    isbn = {<null>}
}

@incollection{Avritzer2012,
    title = {{Resilience Assessment Based on Performance Testing}},
    year = {2012},
    booktitle = {Resilience Assessment and Evaluation of Computing Systems},
    author = {Avritzer, Alberto and Bondi, Andre B.},
    pages = {305--322}
}

@book{Escorel1999,
    title = {{Reviravolta na sa{\'{u}}de: origem e articula{\c{c}}{\~{a}}o do movimento sanit{\'{a}}rio}},
    year = {1999},
    author = {Escorel, Sarah},
    url = {http://books.google.com.br/books/about/Reviravolta_na_sa%C3%BAde.html?id=Jm9gAAAAMAAJ&pgis=1},
    isbn = {8585676574}
}

@book{Cohn1996a,
    title = {{Sa{\'{u}}de no Brasil: pol{\'{i}}ticas e organiza{\c{c}}{\~{a}}o de servi{\c{c}}os}},
    year = {1996},
    author = {Cohn, AmÃ©lia and Elias, Paulo Eduardo M.},
    pages = {117},
    publisher = {Cortez Editora},
    url = {http://books.google.com/books?id=wxFgAAAAMAAJ&pgis=1}
}

@article{Somasekar2015,
    title = {{Segmentation of erythrocytes infected with malaria parasites for the diagnosis using microscopy imaging}},
    year = {2015},
    journal = {Computers and Electrical Engineering},
    author = {Somasekar, J. and Eswara Reddy, B.},
    pages = {336--351},
    volume = {45},
    publisher = {Elsevier Ltd},
    url = {http://dx.doi.org/10.1016/j.compeleceng.2015.04.009},
    doi = {10.1016/j.compeleceng.2015.04.009},
    issn = {00457906},
    keywords = {Confusion matrix, Edge detection, Malaria diagnosis, Mathematical morphology, Microscopic images, Segmentation}
}

@article{Abidin2017,
    title = {{Segmentation of malaria parasite candidates from thick blood smear microphotographs image using active contour without edge}},
    year = {2017},
    journal = {Proceedings of 2016 1st International Conference on Biomedical Engineering: Empowering Biomedical Technology for Better Future, IBIOMED 2016},
    author = {Abidin, Sekar Rini and Salamah, Umi and Nugroho, Anto Satriyo},
    isbn = {9781509041428},
    doi = {10.1109/IBIOMED.2016.7869824},
    keywords = {Active contour without edge, Malaria parasite candidates, Segmentation, Thick blood smears}
}

@article{Verras2017,
    title = {{Shared Consensus Machine Learning Models for Predicting Blood Stage Malaria Inhibition}},
    year = {2017},
    journal = {Journal of Chemical Information and Modeling},
    author = {Verras, Andreas and Waller, Chris L. and Gedeck, Peter and Green, Darren V.S. and Kogej, Thierry and Raichurkar, Anandkumar and Panda, Manoranjan and Shelat, Anang A. and Clark, Julie and Guy, R. Kiplin and Papadatos, George and Burrows, Jeremy},
    number = {3},
    pages = {445--453},
    volume = {57},
    doi = {10.1021/acs.jcim.6b00572},
    issn = {15205142},
    pmid = {28257198}
}

@misc{Schiavinatto2011a,
    title = {{Sistema de Indicadores de Percep{\c{c}}{\~{a}}o Social (SIPS)}},
    year = {2011},
    author = {Schiavinatto, FÃ¡bio (Org.)},
    publisher = {Instituto de Pesquisa Econ{\^{o}}mica Aplicada (Ipea)},
    url = {http://repositorio.ipea.gov.br/handle/11058/3097},
    keywords = {Avalia{\c{c}}{\~{a}}o de servi{\c{c}}os p{\'{u}}blicos, Demandas sociais, Indicadores sociais, Pol{\'{i}}ticas p{\'{u}}blicas, Sistema de Indicadores de Percep{\c{c}}{\~{a}}o Social (SIPS)},
    language = {pt-BR}
}

@article{Cordeiro1991a,
    title = {{Sistema {\'{u}}nico de sa{\'{u}}de}},
    year = {1991},
    journal = {Cole{\c{c}}{\"{a}}o Sa{\'{u}}de},
    author = {Cordeiro, HÃ©sio},
    volume = {1},
    publisher = {Ayuri},
    url = {http://bases.bireme.br/cgi-bin/wxislind.exe/iah/online/?IsisScript=iah/iah.xis&src=google&base=LILACS&lang=p&nextAction=lnk&exprSearch=160743&indexSearch=ID},
    keywords = {Descentraliza{\c{c}}{\~{a}}o, Estrat{\'{e}}gias Nacionais, Legisla{\c{c}}{\~{a}}o Sanit{\'{a}}ria, Pol{\'{i}}tica de Sa{\'{u}}de, Sistemas de Sa{\'{u}}de},
    language = {pt}
}

@inproceedings{Xu2010,
    title = {{Software Bloat Analysis: Finding, Removing, and Preventing Performance Problems in Modern Large-scale Object-oriented Applications}},
    year = {2010},
    booktitle = {Proceedings of the FSE/SDP Workshop on Future of Software Engineering Research},
    author = {Xu, Guoqing and Mitchell, Nick and Arnold, Matthew and Rountev, Atanas and Sevitsky, Gary},
    pages = {421--426},
    url = {http://doi.acm.org/10.1145/1882362.1882448},
    isbn = {978-1-4503-0427-6},
    doi = {10.1145/1882362.1882448},
    keywords = {performance analysis, performance optimization, runtime bloat}
}

@article{Yau2011,
    title = {{Software engineering meets services and cloud computing}},
    year = {2011},
    journal = {Computer},
    author = {Yau, Stephen and An, Ho},
    pages = {47--53},
    volume = {44},
    isbn = {0018-9162},
    doi = {10.1109/MC.2011.267},
    issn = {00189162},
    keywords = {Cloud computing, Service-based computing, Service-oriented software engineering, Software engineering}
}

@inproceedings{Avritzer2002a,
    title = {{Software performance testing based on workload characterization}},
    year = {2002},
    booktitle = {Proc. WOSP},
    author = {Avritzer, Alberto and Kondek, Joe and Liu, Danielle and Weyuker, Elaine J.},
    pages = {17--24},
    url = {http://portal.acm.org/citation.cfm?id=584373},
    isbn = {1-58113-563-7},
    doi = {http://doi.acm.org/10.1145/584369.584373},
    keywords = {Software Testing, Softwre Performance Testing, Worklord Characterization, software performance testing, software testing, workload characterization}
}

@inproceedings{Riungu2010,
    title = {{Software testing as an online service: Observations from practice}},
    year = {2010},
    booktitle = {ICSTW 2010 - 3rd International Conference on Software Testing, Verification, and Validation Workshops},
    author = {Riungu, Leah Muthoni and Taipale, Ossi and Smolander, Kari},
    pages = {418--423},
    keywords = {Online delivery, Service, Software testing}
}

@article{Jun2011,
    title = {{Software Testing Based on Cloud Computing}},
    year = {2011},
    journal = {2011 International Conference on Internet Computing and Information Services},
    author = {Jun, Wang and Meng, Fanpeng},
    pages = {176--178},
    isbn = {978-1-4577-1561-7},
    doi = {10.1109/ICICIS.2011.51},
    keywords = {cloud computing, cloud testing, software testing}
}

@inproceedings{Bertolino2007,
    title = {{Software Testing Research : Achievements , Challenges , Dreams}},
    year = {2007},
    booktitle = {Future of Software Engineering. FOSE '07},
    author = {Bertolino, Antonia},
    pages = {85--103},
    isbn = {0769528295},
    doi = {10.1109/FOSE.2007.25}
}

@misc{Germainea,
    title = {{Sorre (Max). â {\~{}}{\~{}}Les Fondements de la G{\'{e}}ographie humaine. {\~{}}{\~{}}}},
    booktitle = {Revue de g{\'{e}}ographie alpine},
    author = {Germaine, Veyret-Verner},
    number = {2},
    pages = {382--383},
    volume = {41},
    publisher = {Pers{\'{e}}e - Portail des revues scientifiques en SHS},
    url = {http://www.persee.fr/web/revues/home/prescript/article/rga_0035-1121_1953_num_41_2_1101_t1_0382_0000_1},
    language = {fre}
}

@article{Bhowmick2013,
    title = {{Structural and textural classification of erythrocytes in anaemic cases: A scanning electron microscopic study}},
    year = {2013},
    journal = {Micron},
    author = {Bhowmick, Sirsendu and Das, Dev Kumar and Maiti, Asok Kumar and Chakraborty, Chandan},
    number = {1},
    pages = {384--394},
    volume = {44},
    doi = {10.1016/j.micron.2012.09.003},
    issn = {09684328},
    pmid = {23063546},
    keywords = {Anaemia, Bayesian classification, Erythrocyte, Scanning electron microscope, Statistical analysis, Structural and textural features}
}

@article{Subramaniam2011,
    title = {{Support Vector Machine Based Classification Model for Screening Plasmodium falciparum Proliferation Inhibitors and Non-Inhibitors}},
    year = {2011},
    journal = {Biomedical Engineering and Computational Biology},
    author = {Subramaniam, Sangeetha and Mehrotra, Monica and Gupta, Dinesh},
    pages = {13},
    url = {http://www.la-press.com/support-vector-machine-based-classification-model-for-screening-plasmo-article-a2752},
    doi = {10.4137/BECB.S7503},
    issn = {1179-5972},
    keywords = {10, 24, 3 13, 4137, becb, biology 2011, biomedical engineering and computational, com, doi, drug, from http, in silico, inhibitor, la-press, molecular descriptors, plasmodium, proliferation, s7503, screening, support vector machine, this article is available, www}
}

@inproceedings{Wert2013,
    title = {{Supporting swift reaction: Automatically uncovering performance problems by systematic experiments}},
    year = {2013},
    booktitle = {Proceedings - International Conference on Software Engineering},
    author = {Wert, Alexander and Happe, Jens and Happe, Lucia},
    pages = {552--561},
    isbn = {9781467330763},
    doi = {10.1109/ICSE.2013.6606601},
    issn = {02705257},
    keywords = {measurement, performance, problem detection}
}

@article{Roy1999a,
    title = {{Test Data Generation Using Genetic Algorithms}},
    year = {1999},
    journal = {Journal of Software Testing, Verification and Reliability},
    author = {Roy, P. Pargas and Harrold, Mary Jean and Peck, Robert R.},
    pages = {19},
    issn = {0960-0833}
}

@inproceedings{Yu2010,
    title = {{Testing as a service over cloud}},
    year = {2010},
    booktitle = {Proceedings - 5th IEEE International Symposium on Service-Oriented System Engineering, SOSE 2010},
    author = {Yu, Lian and Tsai, Wei Tek and Chen, Xiangji and Liu, Linqing and Zhao, Yan and Tang, Liangjie and Zhao, Wei},
    pages = {181--188},
    isbn = {9780769540818},
    doi = {10.1109/SOSE.2010.36},
    keywords = {Cloud computing, Ontology, SaaS (Software as a Service), Scheduling and dispatching, TaaS (Testing as a Service)}
}

@article{Riungu-Kalliosaari2012,
    title = {{Testing in the cloud: Exploring the practice}},
    year = {2012},
    journal = {IEEE Software},
    author = {Riungu-Kalliosaari, Leah and Taipale, Ossi and Smolander, Kari},
    pages = {46--51},
    volume = {29},
    isbn = {0740-7459 VO  - 29},
    doi = {10.1109/MS.2011.132},
    issn = {07407459},
    keywords = {cloud computing, cloud-based testing, testing, testing in the cloud}
}

@inproceedings{Ramachandran2003,
    title = {{Testing software components using boundary value analysis}},
    year = {2003},
    booktitle = {Proceedings of the 20th IEEE Instrumentation Technology Conference (Cat No 03CH37412) EURMIC-03},
    author = {Ramachandran, Muthu},
    pages = {94--98},
    publisher = {IEEE},
    url = {http://ieeexplore.ieee.org/lpdocs/epic03/wrapper.htm?arnumber=1231572},
    isbn = {0-7695-1996-2},
    doi = {10.1109/EURMIC.2003.1231572},
    issn = {1089-6503},
    keywords = {COM-like component, Koala component model, boundar}
}

@article{Andrews1998,
    title = {{Testing using log file analysis: tools, methods, and issues}},
    year = {1998},
    journal = {Proceedings 13th IEEE International Conference on Automated Software Engineering (Cat. No.98EX239)},
    author = {Andrews, J.H.},
    isbn = {0-8186-8750-9},
    doi = {10.1109/ASE.1998.732614}
}

@book{Molyneaux2009,
    title = {{The Art of Application Performance Testing: Help for Programmers and Quality Assurance}},
    shorttitle = {The Art of Application Performance Testing},
    year = {2009},
    author = {Molyneaux, Ian},
    month = {1},
    pages = {159},
    publisher = {"O'Reilly Media, Inc."},
    url = {http://books.google.com.br/books?id=TKUP3pxxsJsC},
    isbn = {9780596551056},
    language = {en}
}

@article{Avritzer2009,
    title = {{The automated generation of test cases using an extended domain based reliability model}},
    year = {2009},
    journal = {2009 ICSE Workshop on Automation of Software Test},
    author = {Avritzer, A. and Weyuker, E.J.},
    isbn = {978-1-4244-3711-5},
    doi = {10.1109/IWAST.2009.5069040}
}

@article{Avritzer1995,
    title = {{The automatic generation of load test suites and the assessment of the resulting software}},
    year = {1995},
    journal = {IEEE Transactions on Software Engineering},
    author = {Avritzer, A. and Weyuker, E.J.},
    number = {9},
    pages = {705--716},
    volume = {21},
    url = {http://ieeexplore.ieee.org/xpl/login.jsp?tp=&arnumber=464549&url=http://ieeexplore.ieee.org/xpls/abs_all.jsp?arnumber=464549 http://ieeexplore.ieee.org/xpl/login.jsp?tp=&arnumber=464549&url=http%3A%2F%2Fieeexplore.ieee.org%2Fxpls%2Fabs_all.jsp%3Farnumber%3D464549},
    doi = {10.1109/32.464549},
    issn = {0098-5589}
}

@article{Avritzer1995a,
    title = {{The automatic generation of load test suites and the assessment of the resulting software}},
    year = {1995},
    journal = {IEEE Transactions on Software Engineering},
    author = {Avritzer, Alberto and Weyuker, Elaine J. E.J.},
    number = {9},
    pages = {705--716},
    volume = {21},
    publisher = {IEEE},
    url = {http://ieeexplore.ieee.org/xpl/login.jsp?tp=&arnumber=464549&url=http%3A%2F%2Fieeexplore.ieee.org%2Fxpls%2Fabs_all.jsp%3Farnumber%3D464549 http://ieeexplore.ieee.org/xpl/login.jsp?tp=&arnumber=464549&url=http://ieeexplore.ieee.org/xpls/abs_all.jsp?arnumber=464549},
    doi = {10.1109/32.464549},
    issn = {0098-5589}
}

@article{Lazic2005,
    title = {{The software testing challenges and methods}},
    year = {2005},
    journal = {Proceedings of the 9th WSEAS International Conference on Communications},
    author = {Lazic, Ljubomir},
    url = {http://www.mendeley.com/research/software-testing-challenges-methods-14/},
    isbn = {960-8457-29-7},
    keywords = {continuous risk management, earned value management, measurement, optimization, simulation, software testing, test evaluation}
}

@phdthesis{Eslamimehr2008,
    title = {{The survey of model based testing and industrial tools}},
    year = {2008},
    author = {Eslamimehr, Mohammad Mahdi},
    number = {April},
    pages = {1--65}
}

@article{Mehrjou,
    title = {{Towards life cycle identification of malaria parasites using machine learning and Riemannian geometry}},
    author = {Mehrjou, Arash},
    pages = {1--22},
    keywords = {image processing, malaria, motorized microscope, thin blood smears}
}

@article{Fritzsche2007a,
    title = {{TSP Performance Prediction Using Data Mining}},
    year = {2007},
    journal = {2007 4th IEEE Workshop on Intelligent Data Acquisition and Advanced Computing Systems: Technology and Applications},
    author = {Fritzsche, P.C. and Rexachs, D. and Luque, E.},
    isbn = {978-1-4244-1347-8},
    doi = {10.1109/IDAACS.2007.4488453},
    keywords = {Data mining, Performance prediction, Traveling salesman problem}
}

@article{Rajaraman2018,
    title = {{Understanding the learned behavior of customized convolutional neural networks toward malaria parasite detection in thin blood smear images}},
    year = {2018},
    journal = {Journal of Medical Imaging},
    author = {Rajaraman, Sivaramakrishnan and Silamut, Kamolrat and Hossain, Md. A. and Ersoy, I. and Maude, Richard J. and Jaeger, Stefan and Thoma, George R. and Antani, Sameer K.},
    number = {03},
    pages = {1},
    volume = {5},
    url = {https://www.spiedigitallibrary.org/journals/journal-of-medical-imaging/volume-5/issue-03/034501/Understanding-the-learned-behavior-of-customized-convolutional-neural-networks-toward/10.1117/1.JMI.5.3.034501.full},
    doi = {10.1117/1.JMI.5.3.034501},
    issn = {2329-4302},
    keywords = {18, 2018, 25, 7, accepted for publication jun, blood smears, classification, computer-aided diagnosis, convolutional neural networks, deep learning, paper 18042r received mar, published online jul, visualization}
}

@article{LAST2004,
    title = {{USING DATA MINING FOR AUTOMATED SOFTWARE TESTING}},
    year = {2004},
    journal = {International Journal of Software Engineering and Knowledge Engineering IJSEKE},
    author = {LAST, M and FRIEDMAN, M and KANDEL, A},
    pages = {369--393},
    volume = {14},
    keywords = {automated software testing;regression testing;inpu}
}

@inproceedings{McCart2007a,
    title = {{Using genetic algorithms for software testing: Performance improvement techniques}},
    year = {2007},
    booktitle = {Association for Information Systems - 13th Americas Conference on Information Systems, AMCIS 2007: Reaching New Heights},
    author = {McCart, J A and Berndt, D J and Watkins, A},
    pages = {879--888},
    volume = {2},
    url = {http://www.scopus.com/inward/record.url?eid=2-s2.0-84870229216&partnerID=40&md5=7aa8e0dec7addac05307d915b163062a}
}

@article{Oliner2011,
    title = {{Using Influence to Understand Complex Systems}},
    year = {2011},
    author = {Oliner, Adam Jamison},
    number = {September},
    pages = {153},
    publisher = {Stanford University},
    url = {http://books.google.com.br/books?id=bynaAuMtiSAC},
    language = {en}
}

@inproceedings{Parveen2010,
    title = {{When to migrate software testing to the cloud?}},
    year = {2010},
    booktitle = {ICSTW 2010 - 3rd International Conference on Software Testing, Verification, and Validation Workshops},
    author = {Parveen, Tauhida and Tilley, Scott},
    pages = {424--427},
    keywords = {Cloud computing, Software testing, System migration}
}

@book{WHO2017,
    title = {{World Malaria Report 2017}},
    year = {2017},
    booktitle = {World Health Organization},
    author = {{WHO}},
    pages = {186},
    url = {http://apps.who.int/iris/bitstream/handle/10665/259492/9789241565523-eng.pdf;jsessionid=3B05B30235850B2B29A7FFFDD8A874D8?sequence=1},
    isbn = {9789241511711},
    doi = {10.1071/EC12504},
    issn = {0311-4546},
    pmid = {9375913},
    arxivId = {arXiv:1011.1669v3},
    keywords = {Global Malaria Programme, ISBN 978-92-4-156552-3, Malaria, World Health Organization, World malaria report 2017}
}

@article{Garousi2010AEvaluation,
    title = {{A Genetic Algorithm-Based Stress Test Requirements Generator Tool and Its Empirical Evaluation}},
    year = {2010},
    journal = {IEEE Transactions on Software Engineering},
    author = {Garousi, V.},
    number = {6},
    month = {11},
    pages = {778--797},
    volume = {36},
    url = {http://ieeexplore.ieee.org/xpl/login.jsp?tp=&arnumber=5383373&url=http%3A%2F%2Fieeexplore.ieee.org%2Fxpls%2Fabs_all.jsp%3Farnumber%3D5383373},
    doi = {10.1109/TSE.2010.5},
    issn = {0098-5589}
}

@article{Garousi2010AEvaluationb,
    title = {{A Genetic Algorithm-Based Stress Test Requirements Generator Tool and Its Empirical Evaluation}},
    year = {2010},
    journal = {IEEE Transactions on Software Engineering},
    author = {Garousi, V.},
    number = {6},
    month = {11},
    pages = {778--797},
    volume = {36},
    url = {http://ieeexplore.ieee.org/xpl/login.jsp?tp=&arnumber=5383373&url=http%3A%2F%2Fieeexplore.ieee.org%2Fxpls%2Fabs_all.jsp%3Farnumber%3D5383373},
    doi = {10.1109/TSE.2010.5},
    issn = {0098-5589}
}

@article{Garousi2010AEvaluationc,
    title = {{A Genetic Algorithm-Based Stress Test Requirements Generator Tool and Its Empirical Evaluation}},
    year = {2010},
    journal = {IEEE Transactions on Software Engineering},
    author = {Garousi, V.},
    number = {6},
    month = {11},
    pages = {778--797},
    volume = {36},
    url = {http://ieeexplore.ieee.org/xpl/login.jsp?tp=&arnumber=5383373&url=http%3A%2F%2Fieeexplore.ieee.org%2Fxpls%2Fabs_all.jsp%3Farnumber%3D5383373},
    doi = {10.1109/TSE.2010.5},
    issn = {0098-5589}
}

@article{Garousi2010AEvaluationd,
    title = {{A Genetic Algorithm-Based Stress Test Requirements Generator Tool and Its Empirical Evaluation}},
    year = {2010},
    journal = {IEEE Transactions on Software Engineering},
    author = {Garousi, V.},
    number = {6},
    month = {11},
    pages = {778--797},
    volume = {36},
    url = {http://ieeexplore.ieee.org/xpl/login.jsp?tp=&arnumber=5383373&url=http%3A%2F%2Fieeexplore.ieee.org%2Fxpls%2Fabs_all.jsp%3Farnumber%3D5383373},
    doi = {10.1109/TSE.2010.5},
    issn = {0098-5589}
}

@article{Garousi2010AEvaluatione,
    title = {{A Genetic Algorithm-Based Stress Test Requirements Generator Tool and Its Empirical Evaluation}},
    year = {2010},
    journal = {IEEE Transactions on Software Engineering},
    author = {Garousi, V.},
    number = {6},
    month = {11},
    pages = {778--797},
    volume = {36},
    url = {http://ieeexplore.ieee.org/xpl/login.jsp?tp=&arnumber=5383373&url=http%3A%2F%2Fieeexplore.ieee.org%2Fxpls%2Fabs_all.jsp%3Farnumber%3D5383373},
    doi = {10.1109/TSE.2010.5},
    issn = {0098-5589}
}

@article{Garousi2010AEvaluationf,
    title = {{A Genetic Algorithm-Based Stress Test Requirements Generator Tool and Its Empirical Evaluation}},
    year = {2010},
    journal = {IEEE Transactions on Software Engineering},
    author = {Garousi, V.},
    number = {6},
    month = {11},
    pages = {778--797},
    volume = {36},
    url = {http://ieeexplore.ieee.org/xpl/login.jsp?tp=&arnumber=5383373&url=http%3A%2F%2Fieeexplore.ieee.org%2Fxpls%2Fabs_all.jsp%3Farnumber%3D5383373},
    doi = {10.1109/TSE.2010.5},
    issn = {0098-5589}
}

@article{Wahyuningrum2012AImages,
    title = {{A hybrid automatic method for parasite detection and identification of Plasmodium falciparum in thin blood images}},
    year = {2012},
    journal = {International Journal of Academic Research},
    author = {Wahyuningrum, Rima Tri and Indrawan, Andi Kusuma},
    number = {6},
    pages = {44--50},
    volume = {4},
    url = {http://www.ijar.lit.az/pdf/ijar/2012(20A-6).pdf},
    doi = {10.7813/2075-4124.2012/4-6/A.6},
    issn = {20754124},
    keywords = {morphological method, multi-class support, stained thin blood film, watershed transformation}
}

@misc{AVisualizat,
    title = {{A Malaria Diagnostic Tool Based on Computer Vision Screening and Visualizat}}
}

@inproceedings{Gois2017ATesting,
    title = {{A Multi-objective Metaheuristic Approach to Search-Based Stress Testing}},
    year = {2017},
    booktitle = {IEEE CIT 2017 - 17th IEEE International Conference on Computer and Information Technology},
    author = {Gois, N. and Porfirio, P. and Coelho, A.},
    number = {},
    volume = {},
    isbn = {9781538609583},
    doi = {10.1109/CIT.2017.19},
    keywords = {Multi-Objective Metaheuristic, Pareto Frontier, Search-Based Stress Test}
}

@article{Premaratne2006AFilms,
    title = {{A Neural Network Architecture for Automated Recognition of Intracellular Malaria Parasites in Stained Blood Films}},
    year = {2006},
    author = {Premaratne, Sobath Pradeepa and Karunaweera, Nadira Dharshani and Fernando, Shyam},
    pages = {4--7}
}

@article{Jan2018AImages,
    title = {{A review on automated diagnosis of malaria parasite in microscopic blood smears images}},
    year = {2018},
    journal = {Multimedia Tools and Applications},
    author = {Jan, Zahoor and Khan, Arshad and Sajjad, Muhammad and Muhammad, Khan and Rho, Seungmin and Mehmood, Irfan},
    number = {8},
    pages = {9801--9826},
    volume = {77},
    publisher = {Multimedia Tools and Applications},
    doi = {10.1007/s11042-017-4495-2},
    issn = {15737721},
    keywords = {Classification, Malaria parasite, Parasite segmentation, Red blood cells, Thin blood smear}
}

@article{Litjens1998AAnalysis,
    title = {{A Survey on Deep Learning in Medical Image Analysis}},
    year = {1998},
    author = {Litjens, Geert and Kooi, Thijs and Bejnordi, Babak Ehteshami and Arindra, Arnaud and Setio, Adiyoso and Ciompi, Francesco and Ghafoorian, Mohsen and Laak, Jeroen A W M Van Der and Ginneken, Bram Van and Clara, I S},
    number = {1995},
    arxivId = {arXiv:1702.05747v2},
    keywords = {convolutional neural networks, deep learning, medical imaging, survey}
}

@misc{ASynergist,
    title = {{A systematic and prospectively validated approach for identifying synergist}}
}

@misc{Afzal2009AProperties,
    title = {{A systematic review of search-based testing for non-functional system properties}},
    year = {2009},
    booktitle = {Information and Software Technology},
    author = {Afzal, Wasif and Torkar, Richard and Feldt, Robert},
    number = {6},
    volume = {51},
    isbn = {0950-5849},
    doi = {10.1016/j.infsof.2008.12.005},
    issn = {09505849}
}

@book{Holland1992AdaptationSystems,
    title = {{Adaptation in Natural and Artificial Systems}},
    year = {1992},
    author = {Holland, John H.},
    publisher = {MIT Press},
    address = {Cambridge, MA, USA},
    isbn = {0-262-58111-6}
}

@misc{AutomatedResults,
    title = {{Automated analysis of load testing results}},
    url = {http://dl.acm.org/citation.cfm?id=1831726}
}

@misc{AutomatedResultsb,
    title = {{Automated analysis of load testing results}},
    url = {http://dl.acm.org/citation.cfm?id=1831726}
}

@article{Purwar2011AutomatedImages,
    title = {{Automated and unsupervised detection of malarial parasites in microscopic images}},
    year = {2011},
    journal = {Malaria Journal},
    author = {Purwar, Yashasvi and Shah, Sirish L. and Clarke, Gwen and Almugairi, Areej and Muehlenbachs, Atis},
    number = {1},
    pages = {364},
    volume = {10},
    publisher = {BioMed Central Ltd},
    url = {http://www.malariajournal.com/content/10/1/364},
    isbn = {1475-2875 (Electronic){\textbackslash}r1475-2875 (Linking)},
    doi = {10.1186/1475-2875-10-364},
    issn = {14752875},
    pmid = {22165867}
}

@article{Chung2004AutomatedTuning,
    title = {{Automated cluster-based web service performance tuning}},
    year = {2004},
    journal = {High performance Distributed {\ldots}},
    author = {Chung, I-hsin and Hollingsworth, JK},
    pages = {1--10},
    url = {http://ieeexplore.ieee.org/xpls/abs_all.jsp?arnumber=1323484}
}

@article{Avritzer2011AutomatedModel,
    title = {{Automated generation of test cases using a performability model}},
    year = {2011},
    journal = {IET Software},
    author = {Avritzer, A. and de Souza e Silva, E. and LeaÌo, R. M.M and Weyuker, E. J},
    number = {2},
    pages = {113--119},
    volume = {5},
    doi = {10.1049/iet-sen.2010.0035},
    issn = {1751-8806}
}

@article{Krappe2017AutomatedNetworks,
    title = {{Automated plasmodia recognition in microscopic images for diagnosis of malaria using convolutional neural networks}},
    year = {2017},
    author = {Krappe, Sebastian and Benz, Michaela and Gryanik, Alexander and Tannich, Egbert and Wegner, Christine and Stamminger, Marc and Wittenberg, Thomas and M{\"{u}}nzenmayer, Chrisitan},
    pages = {101400B},
    volume = {10140},
    url = {http://proceedings.spiedigitallibrary.org/proceeding.aspx?doi=10.1117/12.2249845},
    isbn = {9781510607255},
    doi = {10.1117/12.2249845},
    issn = {16057422},
    keywords = {automated microscopy, convolutional neural networks, image analysis, machine learning, malaria diagnosis, plasmodia recognition}
}

@article{S2014AutomaticAnnaldas,
    title = {{Automatic Identification of Malaria Parasites using Image Processing Miss. Shruti Annaldas}},
    year = {2014},
    journal = {International Journal of Emerging Engineering Research and Technology},
    author = {S, Annaldas and Shirgan, S and Marathe, V R},
    number = {4},
    pages = {107--112},
    volume = {2},
    url = {http://www.ijeert.org/pdf/v2-i4/13.pdf},
    keywords = {Neural network, Support Vector Machine, malaria parasites}
}

@misc{MichaelFanny2013AutomaticAlgorithm,
    title = {{Automatic Test Suites Generation Employing Genetic Algorithm}},
    year = {2013},
    author = {{Michael Fanny}},
    month = {7},
    url = {http://www.youtube.com/watch?v=K3pmcVJQbtE&feature=youtube_gdata_player}
}

@misc{AutoPerf,
    title = {{AutoPerf}},
    url = {http://dl.acm.org/citation.cfm?id=1242814}
}

@misc{AutoPerfb,
    title = {{AutoPerf}},
    url = {http://dl.acm.org/citation.cfm?id=1242814}
}

@misc{AutoPerfc,
    title = {{AutoPerf}},
    url = {http://dl.acm.org/citation.cfm?id=1242814}
}

@misc{AutoPerfd,
    title = {{AutoPerf}},
    url = {http://dl.acm.org/citation.cfm?id=1242814}
}

@inproceedings{Molinero2009CombiningSequences,
    title = {{Combining genetic algorithms and mutation testing to generate test sequences}},
    year = {2009},
    booktitle = {Lecture Notes in Computer Science (including subseries Lecture Notes in Artificial Intelligence and Lecture Notes in Bioinformatics)},
    author = {Molinero, Carlos and N????ez, Manuel and Andr??s, C??sar},
    number = {PART 1},
    pages = {343--350},
    volume = {5517 LNCS},
    isbn = {3642024777},
    doi = {10.1007/978-3-642-02478-8{\_}43},
    issn = {03029743}
}

@article{Das2015ComputationalReview,
    title = {{Computational microscopic imaging for malaria parasite detection: A systematic review}},
    year = {2015},
    journal = {Journal of Microscopy},
    author = {Das, D. K. and Mukherjee, R. and Chakraborty, C.},
    number = {1},
    pages = {1--19},
    volume = {260},
    doi = {10.1111/jmi.12270},
    issn = {13652818},
    pmid = {26047029},
    keywords = {Computer-aided diagnosis, Human blood smear, Malaria parasites, Microscopic imaging, Segmentation}
}

@article{Gopakumar2018ConvolutionalScanner,
    title = {{Convolutional neural network-based malaria diagnosis from focus stack of blood smear images acquired using custom-built slide scanner}},
    year = {2018},
    journal = {Journal of Biophotonics},
    author = {Gopakumar, Gopalakrishna Pillai and Swetha, Murali and Sai Siva, Gorthi and Sai Subrahmanyam, Gorthi R.K.},
    number = {3},
    volume = {11},
    doi = {10.1002/jbio.201700003},
    issn = {18640648},
    keywords = {blood cell segmentation, cell classification, convoltional neural network, malaria diagnosis}
}

@misc{DataSpringer,
    title = {{Data Mining for Software Testing - Springer}},
    url = {http://link.springer.com/chapter/10.1007%2F0-387-25465-X_59}
}

@article{Quinn2016DeepDiagnostics,
    title = {{Deep Convolutional Neural Networks for Microscopy-Based Point of Care Diagnostics}},
    year = {2016},
    journal = {Machine Learning and Healthcare Conference (MLHC 2016)},
    author = {Quinn, John A. and Nakasi, Rose and Mugagga, Pius K. B. and Byanyima, Patrick and Lubega, William and Andama, Alfred},
    volume = {56},
    url = {http://arxiv.org/abs/1608.02989},
    arxivId = {1608.02989}
}

@book{Zhou2017DeepAnalysis,
    title = {{Deep Learning for Medical Image Analysis}},
    year = {2017},
    author = {Zhou, Kevin and Greenspan, Hayit and Shen, Dinggang},
    url = {http://www.ebook.de/de/product/26725315/kevin_zhou_hayit_greenspan_dinggang_shen_deep_learning_for_medical_image_analysis.html},
    isbn = {0128104082}
}

@article{Hanscheid1999DiagnosisMicroscopy,
    title = {{Diagnosis of malaria: A review of alternatives to conventional microscopy}},
    year = {1999},
    journal = {Clinical and Laboratory Haematology},
    author = {H{\"{a}}nscheid, T.},
    number = {4},
    pages = {235--245},
    volume = {21},
    isbn = {0141-9854},
    doi = {10.1046/j.1365-2257.1999.00220.x},
    issn = {01419854},
    pmid = {10583325},
    keywords = {Antigen- detection, Fluorescent microscopy, Imported malaria, Malaria diagnosis, Microscopy, New techniques, PCR}
}

@article{Frean2009DigitalAnalysis,
    title = {{digital image analysis}},
    year = {2009},
    author = {Frean, John A},
    pages = {1--8},
    volume = {8},
    doi = {10.1186/1475-2875-8-218}
}

@article{Chen2016DirectSpectroscopy,
    title = {{Direct detection of malaria infected red blood cells by surface enhanced Raman spectroscopy}},
    year = {2016},
    journal = {Nanomedicine: Nanotechnology, Biology, and Medicine},
    author = {Chen, Funing and Flaherty, Briana R. and Cohen, Charli E. and Peterson, David S. and Zhao, Yiping},
    number = {6},
    pages = {1445--1451},
    volume = {12},
    publisher = {Elsevier B.V.},
    url = {http://dx.doi.org/10.1016/j.nano.2016.03.001},
    isbn = {2013102100},
    doi = {10.1016/j.nano.2016.03.001},
    issn = {15499642},
    pmid = {27015769},
    keywords = {Biosensors, Cell membrane, Diagnostics, Malaria, Red blood cell, SERS}
}

@article{Weyuker2000ExperienceStudy,
    title = {{Experience with Performance Testing of Software Systems: Issues, an Approach, and Case Study}},
    shorttitle = {Experience with Performance Testing of Software Sy},
    year = {2000},
    journal = {IEEE Trans. Softw. Eng.},
    author = {Weyuker, Elaine J. and Vokolos, Filippos I.},
    number = {12},
    pages = {1147â1156},
    volume = {26},
    url = {http://dx.doi.org/10.1109/32.888628},
    doi = {10.1109/32.888628},
    issn = {0098-5589}
}

@article{Fournier1998FunctionalGenerator,
    title = {{Functional Veriï¬cation Methodology for Microprocessors Using the Genesys Test-Program Generator}},
    year = {1998},
    author = {Fournier, Laurent},
    number = {December},
    pages = {1--8}
}

@misc{GeneratingTesting,
    title = {{Generating test suites for software load testing}},
    url = {http://dl.acm.org/citation.cfm?id=186507}
}

@misc{GeneratingTestingb,
    title = {{Generating test suites for software load testing}},
    url = {http://dl.acm.org/citation.cfm?id=186507}
}

@book{AlanderGeneticTesting,
    title = {{Genetic Algorithm Based Software Testing}},
    author = {Alander, Jarmo T. and Mantere, Timo and Turunen, Pekka},
    url = {http://citeseerx.ist.psu.edu/viewdoc/download?doi=10.1.1.52.9891&rep=rep1&type=pdf http://citeseerx.ist.psu.edu/viewdoc/summary?doi=10.1.1.52.9891}
}

@article{Sousa2010GerenciamentoNuvem,
    title = {{Gerenciamento de Dados em Nuvem}},
    year = {2010},
    journal = {Dados},
    author = {Sousa, FlÃ¡vio R C and Moreira, Leonardo O and De Mac{\^{e}}do, JosÃ© AntÃ´nio F and Machado, Javam C},
    pages = {40},
    volume = {2014},
    url = {http://www.es.ufc.br/~flavio/?p=47}
}

@book{2011GUIASaude,
    title = {{GUIA DO CREDENCIAMENTO M{\'{E}}DICO: Como realizar o credenciamento m{\'{e}}dico em planos de sa{\'{u}}de}},
    year = {2011},
    publisher = {Intercriar Infoeditora},
    url = {http://books.google.com/books?id=UNaiAwAAQBAJ&pgis=1}
}

@misc{HistoriaHSW,
    title = {{Hist{\'{o}}ria da sa{\'{u}}de p{\'{u}}blica no Brasil | HSW}},
    url = {http://pessoas.hsw.uol.com.br/historia-da-saude.htm},
    keywords = {inamps, inps, oswaldo cruz, revolta da vacina, sus}
}

@misc{IEEEAnalysis,
    title = {{IEEE Xplore Abstract - A methodology to support load test analysis}},
    url = {http://ieeexplore.ieee.org/xpl/login.jsp?tp=&arnumber=6062229&url=http%3A%2F%2Fieeexplore.ieee.org%2Fxpls%2Fabs_all.jsp%3Farnumber%3D6062229}
}

@misc{IEEETests,
    title = {{IEEE Xplore Abstract - Automated performance analysis of load tests}},
    url = {http://ieeexplore.ieee.org/xpl/login.jsp?tp=&arnumber=5306331&url=http%3A%2F%2Fieeexplore.ieee.org%2Fxpls%2Fabs_all.jsp%3Farnumber%3D5306331}
}

@misc{IEEEProblems,
    title = {{IEEE Xplore Abstract - Automatic identification of load testing problems}},
    url = {http://ieeexplore.ieee.org/xpl/login.jsp?tp=&arnumber=4658079&url=http://ieeexplore.ieee.org/xpls/abs_all.jsp?arnumber=4658079}
}

@misc{IEEESites,
    title = {{IEEE Xplore Abstract - Load testing of Web sites}},
    url = {http://ieeexplore.ieee.org/xpl/login.jsp?tp=&arnumber=1020328&url=http%3A%2F%2Fieeexplore.ieee.org%2Fxpls%2Fabs_all.jsp%3Farnumber%3D1020328}
}

@misc{IEEEApplications,
    title = {{IEEE Xplore Abstract - Realistic load testing of Web applications}},
    url = {http://ieeexplore.ieee.org/xpl/login.jsp?tp=&arnumber=1602358&url=http%3A%2F%2Fieeexplore.ieee.org%2Fxpls%2Fabs_all.jsp%3Farnumber%3D1602358}
}

@misc{IEEEApplicationsb,
    title = {{IEEE Xplore Abstract - Realistic load testing of Web applications}},
    url = {http://ieeexplore.ieee.org/xpl/login.jsp?tp=&arnumber=1602358&url=http%3A%2F%2Fieeexplore.ieee.org%2Fxpls%2Fabs_all.jsp%3Farnumber%3D1602358}
}

@article{NauberImageApresentacao,
    title = {{Image Segmentation of Blood Smears using GAN Networks Apresenta{\c{c}}{\~{a}}o}},
    author = {Nauber, Francisco and Gois, Bernardo}
}

@article{Frean2008ImprovingAnalysis,
    title = {{Improving quantitation of malaria parasite burden with digital image analysis}},
    year = {2008},
    journal = {Transactions of the Royal Society of Tropical Medicine and Hygiene},
    author = {Frean, John},
    number = {11},
    pages = {1062--1063},
    volume = {102},
    isbn = {9241546948},
    doi = {10.1016/j.trstmh.2008.04.017},
    issn = {00359203},
    pmid = {18514244},
    keywords = {Digital image analysis, Malaria, Parasite burden, Parasites, Quantitation, Technology}
}

@misc{LoadAcademico,
    title = {{load test software - Google Acad{\^{e}}mico}},
    url = {http://scholar.google.com.br/scholar?start=80&q=load+test+software&hl=pt-BR&as_sdt=0,5}
}

@inproceedings{Avritzer1993LoadTesting,
    title = {{Load Testing Software Using Deterministic State Testing}},
    year = {1993},
    author = {Avritzer, Alberto and Larson, Brian},
    pages = {82â88},
    series = {ISSTA '93},
    publisher = {ACM},
    url = {http://doi.acm.org/10.1145/154183.154244},
    address = {New York, NY, USA},
    isbn = {0-89791-608-5},
    doi = {10.1145/154183.154244}
}

@inproceedings{Avritzer1993LoadTestingb,
    title = {{Load Testing Software Using Deterministic State Testing}},
    year = {1993},
    author = {Avritzer, Alberto and Larson, Brian},
    pages = {82â88},
    series = {ISSTA '93},
    publisher = {ACM},
    url = {http://doi.acm.org/10.1145/154183.154244},
    address = {New York, NY, USA},
    isbn = {0-89791-608-5},
    doi = {10.1145/154183.154244}
}

@misc{LoadTesting,
    title = {{Load testing software using deterministic state testing}},
    url = {http://dl.acm.org/citation.cfm?id=154244}
}

@inproceedings{Avritzer1993LoadTestingc,
    title = {{Load Testing Software Using Deterministic State Testing}},
    year = {1993},
    author = {Avritzer, Alberto and Larson, Brian},
    pages = {82â88},
    series = {ISSTA '93},
    publisher = {ACM},
    url = {http://doi.acm.org/10.1145/154183.154244},
    address = {New York, NY, USA},
    isbn = {0-89791-608-5},
    doi = {10.1145/154183.154244}
}

@inproceedings{Avritzer1993LoadTestingd,
    title = {{Load Testing Software Using Deterministic State Testing}},
    year = {1993},
    author = {Avritzer, Alberto and Larson, Brian},
    pages = {82â88},
    series = {ISSTA '93},
    publisher = {ACM},
    url = {http://doi.acm.org/10.1145/154183.154244},
    address = {New York, NY, USA},
    isbn = {0-89791-608-5},
    doi = {10.1145/154183.154244}
}

@misc{LoadTestingb,
    title = {{Load testing software using deterministic state testing}},
    url = {http://dl.acm.org/citation.cfm?id=154244}
}

@inproceedings{Avritzer1993LoadTestinge,
    title = {{Load Testing Software Using Deterministic State Testing}},
    year = {1993},
    author = {Avritzer, Alberto and Larson, Brian},
    pages = {82â88},
    series = {ISSTA '93},
    publisher = {ACM},
    url = {http://doi.acm.org/10.1145/154183.154244},
    address = {New York, NY, USA},
    isbn = {0-89791-608-5},
    doi = {10.1145/154183.154244}
}

@inproceedings{Avritzer1993LoadTestingf,
    title = {{Load Testing Software Using Deterministic State Testing}},
    year = {1993},
    author = {Avritzer, Alberto and Larson, Brian},
    pages = {82â88},
    series = {ISSTA '93},
    publisher = {ACM},
    url = {http://doi.acm.org/10.1145/154183.154244},
    address = {New York, NY, USA},
    isbn = {0-89791-608-5},
    doi = {10.1145/154183.154244}
}

@article{Ver2015MachineImages,
    title = {{Machine learning approach for automated screening of malaria parasite using light microscopic images}},
    year = {2015},
    journal = {Micron},
    author = {Ver, N I and Sharma, Vijeta and Kumar, Ajai and Panat, Lakshmi and Karajkhede, Ganesh and Park, Han Sang and Rinehart, Matthew T. and Walzer, Katelyn A. and Ashley Chi, Jen Tsan and Wax, Adam and Das, Dev Kumar and Ghosh, Madhumala and Pal, Mallika and Maiti, Asok K. and Chakraborty, Chandan},
    number = {12},
    pages = {97--106},
    volume = {45},
    url = {http://dx.doi.org/10.1016/j.micron.2012.11.002},
    doi = {10.1016/j.micron.2012.11.002},
    issn = {09684328},
    pmid = {23218914},
    keywords = {Bayesian classifier, Erythrocyte, Machine learning, Malaria parasite, Texture, artificial neural network, machine learning, malaria, outbreak, public heath, support vector machine}
}

@article{QuinnMalariaDiagnosis,
    title = {{Malaria Diagnosis}},
    author = {Quinn, John A and Andama, Alfred and Munabi, Ian and Kiwanuka, Fred N},
    pages = {1--20}
}

@article{Rajpurkar2017MalariaLearning,
    title = {{Malaria Likelihood Prediction By Effectively Surveying Households Using Deep Reinforcement Learning}},
    year = {2017},
    author = {Rajpurkar, Pranav and Polamreddi, Vinaya and Balakrishnan, Anusha},
    number = {Nips},
    url = {http://arxiv.org/abs/1711.09223},
    arxivId = {1711.09223}
}

@article{Dalal1999Model-basedPractice,
    title = {{Model-based testing in practice}},
    year = {1999},
    journal = {Proceedings of the 21st international conference on Software engineering - ICSE '99},
    author = {Dalal, S. R. and Jain, A. and Karunanithi, N. and Leaton, J. M. and Lott, C. M. and Patton, G. C. and Horowitz, B. M.},
    number = {May},
    pages = {285--294},
    volume = {1999},
    url = {http://portal.acm.org/citation.cfm?doid=302405.302640},
    isbn = {1581130740},
    doi = {10.1145/302405.302640},
    issn = {0270-5257},
    keywords = {aetg soft-, automatic test generation, model-based testing}
}

@article{Chaudhary2016MultiNSGA-II,
    title = {{Multi Objective Test Suite Reduction for GUI Based Software Using NSGA-II}},
    year = {2016},
    journal = {International Journal of Information Technology and Computer Science},
    author = {Chaudhary, Neha and Sangwan, O.P.},
    number = {8},
    pages = {59--65},
    volume = {8},
    url = {http://www.mecs-press.org/ijitcs/ijitcs-v8-n8/v8n8-7.html},
    doi = {10.5815/ijitcs.2016.08.07},
    issn = {20749007}
}

@misc{NoTitle,
    title = {{No Title}},
    url = {http://www.sciencedirect.com/science/article/pii/S0167739X03001389}
}

@misc{NoTitleb,
    title = {{No Title}},
    url = {http://www.sciencedirect.com/science/article/pii/S0167739X03001389}
}

@misc{NoTitlec,
    title = {{No Title}},
    url = {http://www.sciencedirect.com/science/article/pii/S0167739X03001389}
}

@article{Academico2018NoTitle,
    title = {{No Title}},
    year = {2018},
    author = {Acad{\^{e}}mico, Mestrado and Ci{\^{e}}ncia, E M and Computa{\c{c}}{\~{a}}o, D A}
}

@misc{OSUS,
    title = {{O Instituto de Medicina Social e a Luta pela Reforma Sanit{\'{a}}ria: Contribui{\c{c}}{\~{a}}o {\`{a}} Hist{\'{o}}ria do SUS}},
    url = {http://www.scielo.br/pdf/physis/v14n2/v14n2a09.pdf}
}

@article{Revista2010OptimizationMetaheuristics.,
    title = {{Optimization in Software Testing Using Metaheuristics.}},
    year = {2010},
    journal = {Revista de Sistemas de Informa{\c{c}}{\~{a}}o da FSMA},
    author = {{Revista} and {Sistemas} and {Informa{\c{c}}{\~{a}}o}},
    number = {5},
    pages = {3--13},
    volume = {5},
    url = {http://www.fsma.edu.br/si/sistemas.html}
}

@misc{PatenteGoogle,
    title = {{Patente US20020138226 - Software load tester - Patentes do Google}},
    url = {http://www.google.com/patents/US20020138226}
}

@misc{PatenteGoogleb,
    title = {{Patente US20030033406 - Apparatus for and a method of network load testing - Patentes do Google}},
    url = {http://www.google.com/patents/US20030033406}
}

@misc{PatenteGooglec,
    title = {{Patente US7047446 - Load test system and method - Patentes do Google}},
    url = {http://www.google.com/patents/US7047446}
}

@misc{PatenteGoogled,
    title = {{Patente US7630862 - Load test simulator - Patentes do Google}},
    url = {http://www.google.com/patents/US7630862}
}

@misc{PatternsApplications,
    title = {{patterns {\&}{\#}38; practices{\&}{\#}58; Performance Testing Guidance for Web Applications}},
    url = {http://perftestingguide.codeplex.com/releases/view/6690?ProjectName=perftestingguide http://perftestingguide.codeplex.com/releases/view/6690}
}

@misc{PerformanceApplications,
    title = {{Performance Testing Guidance for Web Applications}},
    url = {http://msdn.microsoft.com/en-us/library/bb924375.aspx}
}

@book{Corporation2007PerformanceApplications,
    title = {{Performance Testing Guidance for Web Applications}},
    year = {2007},
    author = {Corporation, Microsoft},
    edition = {1 edition},
    month = {11},
    pages = {288},
    publisher = {Microsoft Press},
    url = {http://www.amazon.com/Performance-Testing-Guidance-Web-Applications/dp/0735625700},
    address = {United States?},
    isbn = {9780735625709},
    language = {English}
}

@book{Corporation2007PerformanceApplicationsb,
    title = {{Performance Testing Guidance for Web Applications}},
    year = {2007},
    author = {Corporation, Microsoft},
    edition = {1 edition},
    month = {11},
    pages = {288},
    publisher = {Microsoft Press},
    url = {http://www.amazon.com/Performance-Testing-Guidance-Web-Applications/dp/0735625700},
    address = {United States?},
    isbn = {9780735625709},
    language = {English}
}

@misc{PerformanceApplicationsb,
    title = {{Performance Testing Guidance for Web Applications}},
    url = {http://msdn.microsoft.com/en-us/library/bb924375.aspx}
}

@misc{PorPovo,
    title = {{Por que o servi{\c{c}}o p{\'{u}}blico n{\~{a}}o funciona... - Vida P{\'{u}}blica - Gazeta do Povo}},
    url = {http://www.gazetadopovo.com.br/vidapublica/conteudo.phtml?id=1175577}
}

@misc{Portal,
    title = {{Portal }}
}

@misc{PortalSUS,
    title = {{Portal Estadual do Cart{\~{a}}o SUS}},
    url = {http://cns.saude.ce.gov.br/},
    keywords = {Cart{\~{a}}o Nacional de Sa{\'{u}}de, Cart{\~{a}}o SUS Cear{\'{a}}, cartao sus, cartaosus, cartaosus ceara, cart{\~{a}}o sus, cart{\~{a}}o sus ceara, cart{\~{a}}osus, cart{\~{a}}osus cear{\'{a}}}
}

@article{Rajaraman2018Pre-trainedImages,
    title = {{Pre-trained convolutional neural networks as feature extractors toward improved malaria parasite detection in thin blood smear images}},
    year = {2018},
    journal = {PeerJ},
    author = {Rajaraman, Sivaramakrishnan and Antani, Sameer K. and Poostchi, Mahdieh and Silamut, Kamolrat and Hossain, Md. A. and Maude, Richard J. and Jaeger, Stefan and Thoma, George R.},
    pages = {e4568},
    volume = {6},
    url = {https://peerj.com/articles/4568},
    doi = {10.7717/peerj.4568},
    issn = {2167-8359},
    pmid = {29682411}
}

@incollection{Mayo2013PredictingMetrics,
    title = {{Predicting Regression Test Failures Using Genetic Algorithm-Selected Dynamic Performance Analysis Metrics}},
    year = {2013},
    author = {Mayo, Michael and Spacey, Simon},
    editor = {Ruhe, GÃ¼nther and Zhang, Yuanyuan},
    month = {1},
    pages = {158--171},
    series = {Lecture Notes in Computer Science},
    publisher = {Springer Berlin Heidelberg},
    url = {http://link.springer.com/chapter/10.1007/978-3-642-39742-4_13 http://link.springer.com/chapter/10.1007%2F978-3-642-39742-4_13},
    isbn = {978-3-642-39741-7, 978-3-642-39742-4}
}

@incollection{Mayo2013PredictingMetricsb,
    title = {{Predicting Regression Test Failures Using Genetic Algorithm-Selected Dynamic Performance Analysis Metrics}},
    year = {2013},
    author = {Mayo, Michael and Spacey, Simon},
    editor = {Ruhe, GÃ¼nther and Zhang, Yuanyuan},
    month = {1},
    pages = {158--171},
    series = {Lecture Notes in Computer Science},
    publisher = {Springer Berlin Heidelberg},
    url = {http://link.springer.com/chapter/10.1007/978-3-642-39742-4_13 http://link.springer.com/chapter/10.1007%2F978-3-642-39742-4_13},
    isbn = {978-3-642-39741-7, 978-3-642-39742-4}
}

@article{Tai1980ProgramCriteria,
    title = {{Program Testing Complexity and Test Criteria}},
    year = {1980},
    journal = {IEEE Transactions on Software Engineering},
    author = {Tai, Kuo-Chung},
    number = {6},
    month = {11},
    pages = {531--538},
    volume = {SE-6},
    url = {http://ieeexplore.ieee.org/xpl/login.jsp?tp=&arnumber=1702779&url=http%3A%2F%2Fieeexplore.ieee.org%2Fiel5%2F32%2F35919%2F01702779.pdf%3Farnumber%3D1702779},
    doi = {10.1109/TSE.1980.234501},
    issn = {0098-5589}
}

@misc{ReviravoltaBrasileira,
    title = {{Reviravolta na Sa{\'{u}}de: origem e articula{\c{c}}{\~{a}}o do movimento sanit{\'{a}}rio - Funda{\c{c}}{\~{a}}o Oswaldo Cruz (Fiocruz): Ci{\^{e}}ncia e tecnologia em sa{\'{u}}de para a popula{\c{c}}{\~{a}}o brasileira}},
    url = {http://portal.fiocruz.br/pt-br/content/reviravolta-na-sa%C3%BAde-origem-e-articula%C3%A7%C3%A3o-do-movimento-sanit%C3%A1rio},
    keywords = {Escorel,Sarah}
}

@article{Mandal2010SegmentationParasites,
    title = {{Segmentation of blood smear images using normalized cuts for detection of malarial parasites}},
    year = {2010},
    journal = {Proceedings of the 2010 Annual IEEE India Conference: Green Energy, Computing and Communication, INDICON 2010},
    author = {Mandal, Subhamoy and Kumar, Amit and Chatterjee, J. and Manjunatha, M. and Ray, Ajoy K.},
    pages = {1--4},
    isbn = {9781424490745},
    doi = {10.1109/INDCON.2010.5712739},
    keywords = {Color Image Processing, Image Processing, Medical Imaging, Normalized Cuts, Segmentation}
}

@article{Tulsani2013SegmentationCells,
    title = {{Segmentation using Morphological Watershed Transformation for Counting Blood Cells}},
    year = {2013},
    journal = {International Journal of Computer Applications {\&} Information Technology},
    author = {Tulsani, Hemant and Saxena, Saransh and Yadav, Naveen},
    number = {3},
    pages = {28--36},
    volume = {2},
    keywords = {biomedical image processing, counting, marker-based watershed, morphological image processing, segmentation}
}

@inproceedings{DiAlesio2013StressApproach,
    title = {{Stress testing of task deadlines: A constraint programming approach}},
    year = {2013},
    booktitle = {2013 IEEE 24th International Symposium on Software Reliability Engineering, ISSRE 2013},
    author = {Di Alesio, Stefano and Nejati, Shiva and Briand, Lionel and Gotlieb, Arnaud},
    pages = {158--167},
    isbn = {9781479923663},
    doi = {10.1109/ISSRE.2013.6698915},
    issn = {1071-9458},
    keywords = {Constraint Programming, Real-Time Systems, Stress Testing}
}

@misc{TestTestes,
    title = {{Test Script Diagram â Um modelo para gera{\c{c}}{\~{a}}o de scripts de testes}},
    url = {http://uol03.unifor.br/oul/conteudosite/F1066346257/Dissertacao.pdf}
}

@misc{ThePdf,
    title = {{The Art of Application Performance Testing - Free Download eBook - pdf}},
    url = {http://it-ebooks.info/book/323/}
}

@misc{TheMedia,
    title = {{The Art of Application Performance Testing - O'Reilly Media}},
    url = {http://shop.oreilly.com/product/9780596520670.do}
}

@book{Molyneaux2009TheAssurance,
    title = {{The Art of Application Performance Testing: Help for Programmers and Quality Assurance}},
    shorttitle = {The Art of Application Performance Testing},
    year = {2009},
    author = {Molyneaux, Ian},
    month = {1},
    pages = {159},
    publisher = {"O'Reilly Media, Inc."},
    url = {http://books.google.com.br/books?id=TKUP3pxxsJsC},
    isbn = {9780596551056},
    language = {en}
}

@book{Molyneaux2009TheAssuranceb,
    title = {{The Art of Application Performance Testing: Help for Programmers and Quality Assurance}},
    shorttitle = {The Art of Application Performance Testing},
    year = {2009},
    author = {Molyneaux, Ian},
    month = {1},
    pages = {159},
    publisher = {"O'Reilly Media, Inc."},
    url = {http://books.google.com.br/books?id=TKUP3pxxsJsC},
    isbn = {9780596551056},
    language = {en}
}

@book{Myers2004TheTesting,
    title = {{The Art of Software Testing}},
    year = {2004},
    booktitle = {Booksgooglecom},
    author = {Myers, Glenford J and Thomas, Todd M and Sandler, Corey},
    month = {9},
    pages = {255},
    volume = {1},
    publisher = {John Wiley {\&} Sons},
    url = {http://books.google.com.br/books?id=GjyEFPkMCwcC http://scholar.google.com/scholar?hl=en&btnG=Search&q=intitle:The+Art+of+Software+Testing#0 http://www.worldcat.org/oclc/65982801},
    isbn = {0471469122},
    doi = {10.1002/stvr.321},
    issn = {0960-0833},
    pmid = {15003161},
    arxivId = {arXiv:gr-qc/9809069v1},
    archivePrefix = {arXiv},
    eprint = {9809069v1},
    primaryClass = {gr-qc},
    language = {en}
}

@book{Myers2011TheTesting,
    title = {{The Art of Software Testing}},
    year = {2011},
    author = {Myers, Glenford J. and Sandler, Corey and Badgett, Tom},
    month = {9},
    pages = {200},
    publisher = {John Wiley {\&} Sons},
    url = {http://books.google.com.br/books?id=GjyEFPkMCwcC},
    isbn = {9781118133156},
    language = {en}
}

@article{Avritzer1995TheSoftware,
    title = {{The automatic generation of load test suites and the assessment of the resulting software}},
    year = {1995},
    journal = {IEEE Transactions on Software Engineering},
    author = {Avritzer, A. and Weyuker, E.J.},
    number = {9},
    pages = {705--716},
    volume = {21},
    url = {http://ieeexplore.ieee.org/xpl/login.jsp?tp=&arnumber=464549&url=http%3A%2F%2Fieeexplore.ieee.org%2Fxpls%2Fabs_all.jsp%3Farnumber%3D464549},
    doi = {10.1109/32.464549},
    issn = {0098-5589}
}

@article{Avritzer1995TheSoftwareb,
    title = {{The automatic generation of load test suites and the assessment of the resulting software}},
    year = {1995},
    journal = {IEEE Transactions on Software Engineering},
    author = {Avritzer, A. and Weyuker, E.J.},
    number = {9},
    pages = {705--716},
    volume = {21},
    url = {http://ieeexplore.ieee.org/xpl/login.jsp?tp=&arnumber=464549&url=http%3A%2F%2Fieeexplore.ieee.org%2Fxpls%2Fabs_all.jsp%3Farnumber%3D464549},
    doi = {10.1109/32.464549},
    issn = {0098-5589}
}

@article{Avritzer1995TheSoftwarec,
    title = {{The automatic generation of load test suites and the assessment of the resulting software}},
    year = {1995},
    journal = {IEEE Transactions on Software Engineering},
    author = {Avritzer, A. and Weyuker, E.J.},
    number = {9},
    pages = {705--716},
    volume = {21},
    url = {http://ieeexplore.ieee.org/xpl/login.jsp?tp=&arnumber=464549&url=http%3A%2F%2Fieeexplore.ieee.org%2Fxpls%2Fabs_all.jsp%3Farnumber%3D464549},
    doi = {10.1109/32.464549},
    issn = {0098-5589}
}

@article{Avritzer1995TheSoftwared,
    title = {{The automatic generation of load test suites and the assessment of the resulting software}},
    year = {1995},
    journal = {IEEE Transactions on Software Engineering},
    author = {Avritzer, A. and Weyuker, E.J.},
    number = {9},
    pages = {705--716},
    volume = {21},
    url = {http://ieeexplore.ieee.org/xpl/login.jsp?tp=&arnumber=464549&url=http%3A%2F%2Fieeexplore.ieee.org%2Fxpls%2Fabs_all.jsp%3Farnumber%3D464549},
    doi = {10.1109/32.464549},
    issn = {0098-5589}
}

@misc{TheTesting,
    title = {{The data mining approach to automated software testing}},
    url = {http://dl.acm.org/citation.cfm?id=956795}
}

@inproceedings{Woodside2007TheEngineering,
    title = {{The Future of Software Performance Engineering}},
    year = {2007},
    author = {Woodside, M. and Franks, G. and Petriu, D.C.},
    month = {5},
    pages = {171--187},
    url = {http://ieeexplore.ieee.org/xpl/login.jsp?tp=&arnumber=4221619&url=http%3A%2F%2Fieeexplore.ieee.org%2Fxpls%2Fabs_all.jsp%3Farnumber%3D4221619},
    doi = {10.1109/FOSE.2007.32}
}

@book{Oliner2011UsingSystems,
    title = {{Using Influence to Understand Complex Systems}},
    year = {2011},
    author = {Oliner, Adam Jamison},
    pages = {153},
    publisher = {Stanford University},
    url = {http://books.google.com.br/books?id=bynaAuMtiSAC},
    language = {en}
}

@inproceedings{SimaoFilho2014UsingTheory,
    title = {{Using Scrum in small teams: Combining case study with grounded theory}},
    year = {2014},
    booktitle = {Iberian Conference on Information Systems and Technologies, CISTI},
    author = {Sim{\~{a}}o Filho, M. and Medeiros, C. and Gois, N. and Albuquerque, A.B.},
    number = {},
    volume = {},
    isbn = {9789899843431},
    doi = {10.1109/CISTI.2014.6876889},
    issn = {21660735},
    keywords = {grounded theory, scrum, small teams, study case}
}

@article{Sivaramakrishnan2017VisualizingClassification,
    title = {{Visualizing Deep Learning Activations for Improved Malaria Cell Classification}},
    year = {2017},
    journal = {First Workshop Medical Informatics and Healthcare (MIH 2017), PMLR},
    author = {Sivaramakrishnan, R and Antani, Sameer and Jaeger, Stefan},
    pages = {40--47},
    keywords = {classification, deep learning, deep networks, machine learning, malaria, pre-trained models, visualizing activations}
}

@article{Maity2017Web-EnabledApproach,
    title = {{Web-Enabled Distributed Health-Care Framework for Automated Malaria Parasite Classification: an E-Health Approach}},
    year = {2017},
    journal = {Journal of Medical Systems},
    author = {Maity, Maitreya and Dhane, Dhiraj and Mungle, Tushar and Maiti, A. K. and Chakraborty, Chandan},
    number = {12},
    volume = {41},
    publisher = {Journal of Medical Systems},
    isbn = {1091601708340},
    doi = {10.1007/s10916-017-0834-0},
    issn = {1573689X},
    pmid = {29075939},
    keywords = {Computer-aided diagnosis, Electronic healthcare system, Feature extraction, Feature selection, Malaria screening, Supervised classification}
}