@article{Muralidharan2016,
    title = {{A comparison of feature selection methods for machine learning based automatic malarial cell recognition in wholeslide images}},
    year = {2016},
    journal = {3rd IEEE EMBS International Conference on Biomedical and Health Informatics, BHI 2016},
    author = {Muralidharan, Vishnu and Dong, Yuhang and David Pan, W.},
    pages = {216--219},
    isbn = {9781509024551},
    doi = {10.1109/BHI.2016.7455873}
}

@article{Linder2014,
    title = {{A malaria diagnostic tool based on computer vision screening and visualization of Plasmodium falciparum candidate areas in digitized blood smears}},
    year = {2014},
    journal = {PLoS ONE},
    author = {Linder, Nina and Turkki, Riku and Walliander, Margarita and M{\aa}rtensson, Andreas and Diwan, Vinod and Rahtu, Esa and Pietik{\"{a}}inen, Matti and Lundin, Mikael and Lundin, Johan},
    number = {8},
    volume = {9},
    doi = {10.1371/journal.pone.0104855},
    issn = {19326203},
    pmid = {25144549}
}

@article{Diaz2009,
    title = {{A semi-automatic method for quantification and classification of erythrocytes infected with malaria parasites in microscopic images}},
    year = {2009},
    journal = {Journal of Biomedical Informatics},
    author = {D{\'{i}}az, Gloria and Gonz{\'{a}}lez, Fabio A. and Romero, Eduardo},
    number = {2},
    pages = {296--307},
    volume = {42},
    publisher = {Elsevier Inc.},
    url = {http://dx.doi.org/10.1016/j.jbi.2008.11.005},
    isbn = {1532-0480 (Electronic){\textbackslash}r1532-0464 (Linking)},
    doi = {10.1016/j.jbi.2008.11.005},
    issn = {15320464},
    pmid = {19166974},
    keywords = {Automatic quantification, Cell classification, Class imbalance, Classifier evaluation, Clump splitting, Connected operators, Feature extraction, Inclusion-Tree, Life stage classification, Machine learning, Malaria parasites, Multi-class classifiers, Pixel color classification, Plasmodium falciparum}
}

@article{Sudheer2014,
    title = {{A Support Vector Machine-Firefly Algorithm based forecasting model to determine malaria transmission}},
    year = {2014},
    journal = {Neurocomputing},
    author = {Sudheer, Ch and Sohani, S. K. and Kumar, Deepak and Malik, Anushree and Chahar, B. R. and Nema, A. K. and Panigrahi, B. K. and Dhiman, R. C.},
    pages = {279--288},
    volume = {129},
    publisher = {Elsevier},
    url = {http://dx.doi.org/10.1016/j.neucom.2013.09.030},
    isbn = {0925-2312},
    doi = {10.1016/j.neucom.2013.09.030},
    issn = {09252312},
    keywords = {FFA, Forecasting, Malarial incidences, SVM, Time series}
}

@article{Kalantarmotamedi2018,
    title = {{A systematic and prospectively validated approach for identifying synergistic drug combinations against malaria}},
    year = {2018},
    journal = {Malaria Journal},
    author = {Kalantarmotamedi, Yasaman and Eastman, Richard T. and Guha, Rajarshi and Bender, Andreas},
    number = {1},
    pages = {1--16},
    volume = {17},
    isbn = {1293601822945},
    doi = {10.1186/s12936-018-2294-5},
    issn = {14752875},
    pmid = {29642892},
    keywords = {Compound combination modelling, Machine learning, Malaria, Synergistic anti-malaria compound combinations, Synergy prediction, Transcriptional drug repositioning}
}

@article{Moonasar2007,
    title = {{An exploratory study of factors that affect the performance and usage of rapid diagnostic tests for malaria in the Limpopo Province, South Africa}},
    year = {2007},
    journal = {Malaria Journal},
    author = {Moonasar, Devanand and Goga, Ameena Ebrahim and Frean, John and Kruger, Philip and Chandramohan, Daniel},
    pages = {1--5},
    volume = {6},
    isbn = {1475-2875},
    doi = {10.1186/1475-2875-6-74},
    issn = {14752875},
    pmid = {17543127}
}

@article{Gueorguieva2013,
    title = {{Applying Faster R-CNN for Object Detection on Malaria Images}},
    year = {2013},
    journal = {J R Stat Soc Ser A Stat Soc},
    author = {Hung, Jane, Allen Goodman, Stefanie Lopes, Carpenter, Anne},
    number = {2},
    pages = {417--433},
    volume = {175},
    isbn = {9781573317795},
    doi = {10.1111/j.1467-985X.2011.00719.x.Joint},
    issn = {1749-6632},
    pmid = {20146720},
    keywords = {competing risk, dropout, interval censoring, joint analysis, repeated measures}
}

@article{Park2016,
    title = {{Automated Detection of P. falciparum using machine learning algorithms with quantitative phase images of unstained cells}},
    year = {2016},
    journal = {PLoS ONE},
    author = {Park, Han Sang and Rinehart, Matthew T. and Walzer, Katelyn A. and Ashley Chi, Jen Tsan and Wax, Adam},
    number = {9},
    volume = {11},
    doi = {10.1371/journal.pone.0163045},
    issn = {19326203},
    pmid = {27636719}
}

@article{Nugroho2017,
    title = {{Automated determination of plasmodium region of interest on thin blood smear images}},
    year = {2017},
    journal = {2017 International Seminar on Intelligent Technology and Its Application: Strengthening the Link Between University Research and Industry to Support ASEAN Energy Sector, ISITIA 2017 - Proceeding},
    author = {Nugroho, Hanung Adi and Saputra, Wahyu Andi and Permanasari, Adhistya Erna and Murhandarwati, E. Elsa Herdiana},
    pages = {352--355},
    volume = {2017-Janua},
    isbn = {9781538627068},
    doi = {10.1109/ISITIA.2017.8124108},
    keywords = {Automated determination of region, Binary large object analysis, Morphological operation, Plasmodium parasite, Thin blood smear images}
}

@phdthesis{Sorgedrager2018,
    title = {{Automated malaria diagnosis using convolutional neural networks in an on-field setting The analysis of low quality smartphone based microscope images}},
    year = {2018},
    author = {Sorgedrager, R}
}

@article{Kareem2012,
    title = {{Automated malaria parasite detection in thin blood films:-A hybrid illumination and color constancy insensitive, morphological approach}},
    year = {2012},
    journal = {IEEE Asia-Pacific Conference on Circuits and Systems, Proceedings, APCCAS},
    author = {Kareem, S. and Kale, I. and Morling, R. C S},
    pages = {240--243},
    isbn = {9781457717291},
    doi = {10.1109/APCCAS.2012.6419016}
}

@article{Savkare2012,
    title = {{Automatic System for Classification of Erythrocytes Infected with Malaria and Identification of Parasite's Life Stage}},
    year = {2012},
    journal = {Procedia Technology},
    author = {Savkare, S.S. and Narote, S.P.},
    pages = {405--410},
    volume = {6},
    url = {http://linkinghub.elsevier.com/retrieve/pii/S2212017312005932},
    isbn = {2212-0173},
    doi = {10.1016/j.protcy.2012.10.048},
    issn = {22120173},
    keywords = {Feature Extraction, OTSU's threshold, SVM classifier, Watershed Transform}
}

@article{Dong2017,
    title = {{Classification accuracies of malaria infected cells using deep convolutional neural networks based on decompressed images}},
    year = {2017},
    journal = {SoutheastCon, 2017},
    author = {Dong, Yuhang and Jiang, Zhuocheng and Shen, Hongda and Pan, W David},
    pages = {1--6},
    isbn = {9781538615393},
    doi = {10.1109/SECON.2017.7925268},
    issn = {07347502}
}

@article{Liang2016,
    title = {{CNN-Based Image Analysis for Malaria Diagnosis}},
    year = {2016},
    journal = {IEEE International Conference on Bioinformatics {\&} Biomedicine (BIBM)},
    author = {Liang, Zhaohui and Powell, Andrew and Ersoy, Ilker and Poostchi, Mahdieh and Silamut, Kamolrat and Palaniappan, Kannappan and Guo, Peng and Hossain, Md Amir and Sameer, Antani and Maude, Richard James and Huang, Jimmy Xiangji and Jaeger, Stefan and Thoma, George},
    pages = {8--11},
    url = {https://lhncbc.nlm.nih.gov/system/files/pub9433.pdf},
    keywords = {computer-aided diagnosis, deep learning, machine learning, malaria, â€” convolutional neural network}
}

@article{Liang2017,
    title = {{CNN-based image analysis for malaria diagnosis}},
    year = {2017},
    journal = {Proceedings - 2016 IEEE International Conference on Bioinformatics and Biomedicine, BIBM 2016},
    author = {Liang, Z. and Powell, A. and Ersoy, I. and Poostchi, M. and Silamut, K. and Palaniappan, K. and Guo, P. and Hossain, M.A. and Sameer, A. and Maude, R.J. and Huang, J.X. and Jaeger, S. and Thoma, G.},
    pages = {493--496},
    isbn = {9781509016105},
    doi = {10.1109/BIBM.2016.7822567},
    keywords = {Computer-aided diagnosis, Convolutional neural network, Deep learning, Machine learning, Malaria}
}

@article{A.Abisoye2018,
    title = {{Comparative Study on the Prediction of Symptomatic and Climatic based Malaria Parasite Counts Using Machine Learning Models}},
    year = {2018},
    journal = {International Journal of Modern Education and Computer Science},
    author = {A. Abisoye, Opeyemi and G. Jimoh, Rasheed},
    number = {4},
    pages = {18--25},
    volume = {10},
    url = {http://www.mecs-press.org/ijmecs/ijmecs-v10-n4/v10n4-3.html},
    doi = {10.5815/ijmecs.2018.04.03},
    issn = {20750161}
}

@article{Mehanian2017,
    title = {{Computer-Automated Malaria Diagnosis and Quantitation Using Convolutional Neural Networks}},
    year = {2017},
    journal = {2017 IEEE International Conference on Computer Vision Workshops (ICCVW)},
    author = {Mehanian, Courosh and Jaiswal, Mayoore and Delahunt, Charles and Thompson, Clay and Horning, Matt and Hu, Liming and McGuire, Shawn and Ostbye, Travis and Mehanian, Martha and Wilson, Ben and Champlin, Cary and Long, Earl and Proux, Stephane and Gamboa, Dionicia and Chiodini, Peter and Carter, Jane and Dhorda, Mehul and Isaboke, David and Ogutu, Bernhards and Oyibo, Wellington and Villasis, Elizabeth and Tun, Kyaw Myo and Bachman, Christine and Bell, David},
    pages = {116--125},
    url = {http://ieeexplore.ieee.org/document/8265232/},
    isbn = {978-1-5386-1034-3},
    doi = {10.1109/ICCVW.2017.22}
}

@article{ShuleendaDevi2016,
    title = {{Erythrocyte Features for Malaria Parasite Detection in Microscopic Images of Thin Blood Smear: A Review}},
    year = {2016},
    journal = {International Journal of Interactive Multimedia and Artificial Intelligence},
    author = {Shuleenda Devi, Salam and Alam Sheikh, Shah and Hussain Laskar, Rabul},
    number = {2},
    pages = {34},
    volume = {4},
    url = {http://www.ijimai.org/journal/node/1442},
    doi = {10.9781/ijimai.2016.426},
    issn = {1989-1660},
    keywords = {arasites, erythrocyte, erythrocyte features, m orphological f eature, malaria parasite, medical imaging, of m alaria p, table i}
}

@article{Eshel2017,
    title = {{Evaluation of the parasight platform for malaria diagnosis}},
    year = {2017},
    journal = {Journal of Clinical Microbiology},
    author = {Eshel, Yochay and Houri-Yafin, Arnon and Benkuzari, Hagai and Lezmy, Natalie and Soni, Mamta and Charles, Malini and Swaminathan, Jayanthi and Solomon, Hilda and Sampathkumar, Pavithra and Premji, Zul and Mbithi, Caroline and Nneka, Zaitun and Onsongo, Simon and Maina, Daniel and Levy-Schreier, Sarah and Cohen, Caitlin Lee and Gluck, Dan and Pollak, Joseph Joel and Salpeter, Seth J.},
    number = {3},
    pages = {768--775},
    volume = {55},
    isbn = {1098-660X (Electronic) 0095-1137 (Linking)},
    doi = {10.1128/JCM.02155-16},
    issn = {1098660X},
    pmid = {27974542},
    keywords = {Computer vision, Diagnosis, Machine learning, Malaria}
}

@article{Dong2017b,
    title = {{Evaluations of deep convolutional neural networks for automatic identification of malaria infected cells}},
    year = {2017},
    journal = {2017 IEEE EMBS International Conference on Biomedical {\&} Health Informatics (BHI)},
    author = {Dong, Yuhang and Jiang, Zhuocheng and Shen, Hongda and David Pan, W. and Williams, Lance A. and Reddy, Vishnu V. B. and Benjamin, William H. and Bryan, Allen W.},
    pages = {101--104},
    url = {http://ieeexplore.ieee.org/document/7897215/},
    isbn = {978-1-5090-4179-4},
    doi = {10.1109/BHI.2017.7897215},
    keywords = {Image analysis,processing and classification,Super}
}

@article{Devi2018,
    title = {{Hybrid classifier based life cycle stages analysis for malaria-infected erythrocyte using thin blood smear images}},
    year = {2018},
    journal = {Neural Computing and Applications},
    author = {Devi, Salam Shuleenda and Laskar, Rabul Hussain and Sheikh, Shah Alam},
    number = {8},
    pages = {217--235},
    volume = {29},
    publisher = {Springer London},
    doi = {10.1007/s00521-017-2937-4},
    issn = {09410643},
    keywords = {Classifier combination techniques, Erythrocyte, Hybrid classifier, Kruskalâ€“Wallis with incremental feature selection, Malaria infection}
}

@article{Poostchi2018,
    title = {{Image analysis and machine learning for detecting malaria}},
    year = {2018},
    journal = {Translational Research},
    author = {Poostchi, Mahdieh and Silamut, Kamolrat and Maude, Richard J. and Jaeger, Stefan and Thoma, George},
    pages = {36--55},
    volume = {194},
    publisher = {Elsevier Inc.},
    url = {https://doi.org/10.1016/j.trsl.2017.12.004},
    isbn = {1878-1810},
    doi = {10.1016/j.trsl.2017.12.004},
    issn = {18781810},
    pmid = {29360430}
}

@article{Zhang2016,
    title = {{Image classification of unlabeled malaria parasites in red blood cells}},
    year = {2016},
    journal = {2016 38th Annual International Conference of the IEEE Engineering in Medicine and Biology Society (EMBC)},
    author = {Zhang, Zheng and Ong, L.L. Sharon and Fang, Kong and Matthew, Athul and Dauwels, Justin and Dao, Ming and Asada, Harry},
    pages = {3981--3984},
    url = {http://ieeexplore.ieee.org/document/7591599/},
    isbn = {978-1-4577-0220-4},
    doi = {10.1109/EMBC.2016.7591599},
    issn = {1557170X}
}

@article{Mueller2009,
    title = {{Key gaps in the knowledge of Plasmodium vivax, a neglected human malaria parasite}},
    year = {2009},
    journal = {The Lancet Infectious Diseases},
    author = {Mueller, Ivo and Galinski, Mary R. and Baird, J. Kevin and Carlton, Jane M. and Kochar, Dhanpat K. and Alonso, Pedro L. and del Portillo, Hernando A.},
    number = {9},
    pages = {555--566},
    volume = {9},
    publisher = {Elsevier Ltd},
    url = {http://dx.doi.org/10.1016/S1473-3099(09)70177-X},
    isbn = {1474-4457 (Electronic){\textbackslash}n1473-3099 (Linking)},
    doi = {10.1016/S1473-3099(09)70177-X},
    issn = {14733099},
    pmid = {19695492}
}

@article{Abbas2018,
    title = {{Machine aided malaria parasitemia detection in Giemsa-stained thin blood smears}},
    year = {2018},
    journal = {Neural Computing and Applications},
    author = {Abbas, Naveed and Saba, Tanzila and Mohamad, Dzulkifli and Rehman, Amjad and Almazyad, Abdulaziz S. and Al-Ghamdi, Jarallah Saleh},
    number = {3},
    pages = {803--818},
    volume = {29},
    publisher = {Springer London},
    isbn = {0052101624746},
    doi = {10.1007/s00521-016-2474-6},
    issn = {09410643},
    keywords = {Features mining, Machine aided, Malaria Parasitemia, Thin blood smears}
}

@article{Das2013,
    title = {{Machine learning approach for automated screening of malaria parasite using light microscopic images}},
    year = {2013},
    journal = {Micron},
    author = {Das, Dev Kumar and Ghosh, Madhumala and Pal, Mallika and Maiti, Asok K. and Chakraborty, Chandan},
    pages = {97--106},
    volume = {45},
    publisher = {Elsevier Ltd},
    url = {http://dx.doi.org/10.1016/j.micron.2012.11.002},
    doi = {10.1016/j.micron.2012.11.002},
    issn = {09684328},
    pmid = {23218914},
    keywords = {Bayesian classifier, Erythrocyte, Machine learning, Malaria parasite, Texture}
}

@article{Dong2017c,
    title = {{Machine learning approach for automated screening of malaria parasite using light microscopic images}},
    year = {2017},
    journal = {Malaria Journal},
    author = {Yan, Zhennan and Zhan, Yiqiang and Zhang, Shaoting and Metaxas, Dimitris and Zhou, Xiang Sean and Nie, Dong and Trullo, Roger and Petitjean, Caroline and Ruan, Su and Shen, Dinggang and Moonasar, Devanand and Goga, Ameena Ebrahim and Frean, John and Kruger, Philip and Chandramohan, Daniel and Sorgedrager, R and Krappe, Sebastian and Benz, Michaela and Gryanik, Alexander and Tannich, Egbert and Wegner, Christine and Stamminger, Marc and Wittenberg, Thomas and M{\"{u}}nzenmayer, Chrisitan and Rajaraman, Sivaramakrishnan and Antani, Sameer K. and Poostchi, Mahdieh and Silamut, Kamolrat and Hossain, Md. Amir and Maude, Richard James and Jaeger, Stefan and Thoma, George R. and Pe{\~{n}}as, Kristofer E Delas and Rivera, Pilarita T and Naval, Prospero C and Rajaraman, Sivaramakrishnan and Silamut, Kamolrat and Hossain, Md. Amir and Ersoy, Ilker and Maude, Richard James and Jaeger, Stefan and Thoma, George R. and Antani, Sameer K. and Shuleenda Devi, Salam and Alam Sheikh, Shah and Hussain Laskar, Rabul and Quinn, John A. and Nakasi, Rose and Mugagga, Pius K. B. and Byanyima, Patrick and Lubega, William and Andama, Alfred and H{\"{a}}nscheid, T. and Premaratne, Sobath Pradeepa and Karunaweera, Nadira Dharshani and Fernando, Shyam and Jan, Zahoor and Khan, Arshad and Sajjad, Muhammad and Muhammad, Khan and Rho, Seungmin and Mehmood, Irfan and Das, Dev Kumar and Mukherjee, R. and Chakraborty, Chandan and Chen, Funing and Flaherty, Briana R. and Cohen, Charli E. and Peterson, David S. and Zhao, Yiping and Mandal, Subhamoy and Kumar, Amit Ajai and Chatterjee, J. and Manjunatha, M. and Ray, Ajoy K. and Tulsani, Hemant and Saxena, Saransh and Yadav, Naveen and Frean, John and Wahyuningrum, Rima Tri and Indrawan, Andi Kusuma and Gopakumar, Gopalakrishna Pillai and Swetha, Murali and Sai Siva, Gorthi and Sai Subrahmanyam, Gorthi R.K. and Purwar, Yashasvi and Shah, Sirish L. and Clarke, Gwen and Almugairi, Areej and Muehlenbachs, Atis and S, Annaldas and Shirgan, S and Marathe, V R and Sivaramakrishnan, R and Antani, Sameer K. and Jaeger, Stefan and Sousa, FlÃ¡vio R C and Moreira, Leonardo O and De Mac{\^{e}}do, JosÃ© AntÃ´nio F and Machado, Javam C and Dong, Yuhang and Jiang, Zhuocheng and Shen, Hongda and Pan, W David and David Pan, W. and Williams, Lance A. and Reddy, Vishnu V. B. and Benjamin, William H. and Bryan, Allen W. and Liang, Zhaohui and Powell, Andrew and Ersoy, Ilker and Poostchi, Mahdieh and Silamut, Kamolrat and Palaniappan, Kannappan and Guo, Peng and Hossain, Md. Amir and Sameer, Antani and Maude, Richard James and Huang, Jimmy Xiangji and Jaeger, Stefan and Thoma, George R. and Maity, Maitreya and Dhane, Dhiraj and Mungle, Tushar and Maiti, Asok Kumar and Chakraborty, Chandan and Ver, N I and Sharma, Vijeta and Kumar, Amit Ajai and Panat, Lakshmi and Karajkhede, Ganesh and Park, Han Sang and Rinehart, Matthew T. and Walzer, Katelyn A. and Ashley Chi, Jen Tsan and Wax, Adam and Das, Dev Kumar and Ghosh, Madhumala and Pal, Mallika and Maiti, Asok Kumar and Chakraborty, Chandan and Mehanian, Courosh and Jaiswal, Mayoore and Delahunt, Charles and Thompson, Clay and Horning, Matt and Hu, Liming and McGuire, Shawn and Ostbye, Travis and Mehanian, Martha and Wilson, Ben and Champlin, Cary and Long, Earl and Proux, Stephane and Gamboa, Dionicia and Chiodini, Peter and Carter, Jane and Dhorda, Mehul and Isaboke, David and Ogutu, Bernhards and Oyibo, Wellington and Villasis, Elizabeth and Tun, Kyaw Myo and Bachman, Christine and Bell, David and Nugroho, Hanung Adi and Saputra, Wahyu Andi and Permanasari, Adhistya Erna and Murhandarwati, E. Elsa Herdiana and Muralidharan, Vishnu and Dong, Yuhang and David Pan, W. and Kareem, S. and Kale, I. and Morling, R. C S and Zhang, Zheng and Ong, L.L. Sharon and Fang, Kong and Matthew, Athul and Dauwels, Justin and Dao, Ming and Asada, Harry and Pattanaik, P A and Swarnkar, Tripti and Sheet, Debdoot and Abidin, Sekar Rini and Salamah, Umi and Nugroho, Anto Satriyo and Sudheer, Ch and Sohani, S. K. and Kumar, Deepak and Malik, Anushree and Chahar, B. R. and Nema, A. K. and Panigrahi, B. K. and Dhiman, R. C. and Abbas, Naveed and Saba, Tanzila and Mohamad, Dzulkifli and Rehman, Amjad and Almazyad, Abdulaziz S. and Al-Ghamdi, Jarallah Saleh and Verras, Andreas and Waller, Chris L. and Gedeck, Peter and Green, Darren V.S. and Kogej, Thierry and Raichurkar, Anandkumar and Panda, Manoranjan and Shelat, Anang A. and Clark, Julie and Guy, R. Kiplin and Papadatos, George and Burrows, Jeremy and Kouway{\`{e}}, Bienvenue and Subramaniam, Sangeetha and Mehrotra, Monica and Gupta, Dinesh and Devi, Salam Shuleenda and Laskar, Rabul Hussain and Sheikh, Shah Alam and Linder, Nina and Turkki, Riku and Walliander, Margarita and M{\aa}rtensson, Andreas and Diwan, Vinod and Rahtu, Esa and Pietik{\"{a}}inen, Matti and Lundin, Mikael and Lundin, Johan and Bhowmick, Sirsendu and Das, Dev Kumar and Maiti, Asok Kumar and Chakraborty, Chandan and Mas, David and Ferrer, Belen and Cojoc, Dan and Finaurini, Sara and Mico, Vicente and Garcia, Javier and Zalevsky, Zeev and Savkare, S.S. and Narote, S.P. and Das, Dev Kumar and Ghosh, Madhumala and Pal, Mallika and Maiti, Asok Kumar and Chakraborty, Chandan and D{\'{i}}az, Gloria and Gonz{\'{a}}lez, Fabio A. and Romero, Eduardo and Somasekar, J. and Eswara Reddy, B. and A. Abisoye, Opeyemi and G. Jimoh, Rasheed and Park, Han Sang and Rinehart, Matthew T. and Walzer, Katelyn A. and Ashley Chi, Jen Tsan and Wax, Adam and Mueller, Ivo and Galinski, Mary R. and Baird, J. Kevin and Carlton, Jane M. and Kochar, Dhanpat K. and Alonso, Pedro L. and del Portillo, Hernando A. and Kalantarmotamedi, Yasaman and Eastman, Richard T. and Guha, Rajarshi and Bender, Andreas and {WHO}},
    edition = {1},
    number = {1},
    pages = {1--6},
    volume = {6},
    publisher = {Elsevier Ltd},
    url = {http://apps.who.int/iris/bitstream/handle/10665/259492/9789241565523-eng.pdf;jsessionid=3B05B30235850B2B29A7FFFDD8A874D8?sequence=1 http://dx.doi.org/10.1016/S1473-3099(09)70177-X http://www.mecs-press.org/ijmecs/ijmecs-v10-n4/v10n4-3.html http://dx.doi.o},
    isbn = {9781510607255},
    doi = {10.1016/j.micron.2012.11.002},
    issn = {14752875},
    pmid = {23218914},
    arxivId = {1606.07578},
    keywords = {10, 18, 2018, 24, 25, 3 13, 4137, 7, Active contour without edge, Anaemia, Antigen- detection, Automated determination of region, Automatic quantification, Bayesian classification, Bayesian classifier, Binary large object analysis, Biomedicine, Biosensors, CNN, Cell classification, Cell membrane, Class imbalance, Classification, Classifier combination techniques, Classifier evaluation, Clump splitting, Color Image Processing, Compound combination modelling, Computer vision, Computer-aided diagnosis, Confusion matrix, Connected operators, Diagnostics, Digital image analysis, Discriminative local information discovery, Edge detection, Electronic healthcare system, Erythrocyte, FFA, Feature Extraction, Feature extraction, Feature selection, Features mining, Fluorescent microscopy, Forecasting, Global Malaria Programme, Human blood smear, Hybrid classifier, ISBN 978-92-4-156552-3, Image Processing, Image analysis, Image processing, Imported malaria, Inclusion-Tree, Kalman Filter, Kernal Based Detection, Kruskalâ€“Wallis with incremental feature selection, Life stage classification, Machine aided, Machine learning, Malaria, Malaria Parasitemia, Malaria detection, Malaria diagnosis, Malaria infection, Malaria parasite, Malaria parasite candidates, Malaria parasites, Malaria screening, Malarial incidences, Mathematical morphology, Medical Imaging, Microscopic images, Microscopic imaging, Microscopy, Morphological operation, Multi-class classifiers, Multi-instance, Multi-stage, Neural network, New techniques, Normalized Cuts, OTSU's threshold, Object Detection, PCR, Parasite burden, Parasite segmentation, Parasites, Pixel color classification, Plasmodium falciparum, Plasmodium parasite, Quantitation, Red blood cell, Red blood cells, SERS, SVM, SVM classifier, Scanning electron microscope, Segmentation, Statistical analysis, Structural and textural features, Super, Supervised classification, Support Vector Machine, Synergistic anti-malaria compound combinations, Synergy prediction, Technology, Texture, Thick blood smears, Thin blood smear, Thin blood smear images, Thin blood smears, Time series, Transcriptional drug repositioning, Watershed Transform, World Health Organization, World malaria report 2017, accepted for publication jun, arasites, artificial neural network, auto-, automated microscopy, becb, biology 2011, biomedical engineering and computational, biomedical image processing, blood cell segmentation, blood smears, cell classification, classification, com, computer-aided diagnosis, convoltional neural network, convolutional neural, convolutional neural networks, counting, cross-validation, deep learning, deep networks, doi, drug, erythrocyte, erythrocyte features, from http, gan, generative models, image analysis, image synthesis, in silico, inhibitor, intelligent systems, la-press, m orphological f eature, machine learning, malaria, malaria diagnosis, malaria parasite, malaria parasites, marker-based watershed, medical imaging, molecular descriptors, morphological image processing, morphological method, multi-class support, of m alaria p, outbreak, paper 18042r received mar, plasmodia recognition, plasmodium, pre-trained models, prediction, processing and classification, proliferation, public heath, published online jul, random forest, regression trees, s7503, screening, segmentation, selection, stained thin blood film, support vector machine, table i, this article is available, variables, visualization, visualizing activations, watershed transformation, www, â€” convolutional neural network}
}

@article{Quinn,
    title = {{Malaria Diagnosis}},
    author = {Quinn, John A and Andama, Alfred and Munabi, Ian and Kiwanuka, Fred N},
    pages = {1--20}
}

@article{Rajpurkar2017,
    title = {{Malaria Likelihood Prediction By Effectively Surveying Households Using Deep Reinforcement Learning}},
    year = {2017},
    author = {Rajpurkar, Pranav and Polamreddi, Vinaya and Balakrishnan, Anusha},
    number = {Nips},
    url = {http://arxiv.org/abs/1711.09223},
    arxivId = {1711.09223}
}

@article{Penas2017,
    title = {{Malaria Parasite Detection and Species Identification on Thin Blood Smears Using a Convolutional Neural Network}},
    year = {2017},
    journal = {Connected Health: Applications, Systems and Engineering Technologies (CHASE), 2017 IEEE/ACM International Conference on},
    author = {Pe{\~{n}}as, Kristofer E Delas and Rivera, Pilarita T and Naval, Prospero C},
    pages = {1--6},
    isbn = {978-1-5090-4722-2},
    doi = {10.1109/CHASE.2017.51},
    keywords = {convolutional neural, intelligent systems, malaria}
}

@article{Bibin2017,
    title = {{Malaria Parasite Detection from Peripheral Blood Smear Images Using Deep Belief Networks}},
    year = {2017},
    journal = {IEEE Access},
    author = {Bibin, Dhanya and Nair, Madhu S. and Punitha, P.},
    pages = {9099--9108},
    volume = {5},
    isbn = {4846006006006},
    doi = {10.1109/ACCESS.2017.2705642},
    issn = {21693536},
    keywords = {Deep learning, contrastive divergence, deep belief network, discriminative training, malaria parasite detection, restricted Boltzmann machine}
}

@article{Nie2016,
    title = {{Medical Image Synthesis with Context-Aware Generative Adversarial Networks}},
    year = {2016},
    author = {Nie, Dong and Trullo, Roger and Petitjean, Caroline and Ruan, Su and Shen, Dinggang},
    url = {http://arxiv.org/abs/1612.05362},
    isbn = {1406.2661},
    doi = {10.1007/978-3-319-66179-7{\_}48},
    issn = {10495258},
    arxivId = {1612.05362},
    keywords = {auto-, deep learning, gan, generative models, image synthesis}
}

@article{Mas2015,
    title = {{Novel image processing approach to detect malaria}},
    year = {2015},
    journal = {Optics Communications},
    author = {Mas, David and Ferrer, Belen and Cojoc, Dan and Finaurini, Sara and Mico, Vicente and Garcia, Javier and Zalevsky, Zeev},
    pages = {13--18},
    volume = {350},
    publisher = {Elsevier},
    url = {http://dx.doi.org/10.1016/j.optcom.2015.03.064},
    doi = {10.1016/j.optcom.2015.03.064},
    issn = {00304018},
    keywords = {Biomedicine, Image processing, Malaria detection, Microscopy}
}

@article{Pattanaik2017,
    title = {{Object Detection Technique For Malaria Parasite In Thin Blood Smear Images}},
    year = {2017},
    author = {Pattanaik, P A and Swarnkar, Tripti and Sheet, Debdoot},
    pages = {2120--2123},
    url = {https://www.cdc.gov/dpdx/malaria/index.html},
    isbn = {9781509030507},
    keywords = {Computer vision, Kalman Filter, Kernal Based Detection, Malaria, Object Detection}
}

@article{Kouwaye,
    title = {{Regression Trees and Random forest based feature selection for malaria risk exposure prediction}},
    author = {Kouway{\`{e}}, Bienvenue},
    pages = {1--15},
    url = {http://arxiv.org/abs/1606.07578},
    arxivId = {1606.07578},
    keywords = {cross-validation, prediction, random forest, regression trees, selection, variables}
}

@article{Somasekar2015,
    title = {{Segmentation of erythrocytes infected with malaria parasites for the diagnosis using microscopy imaging}},
    year = {2015},
    journal = {Computers and Electrical Engineering},
    author = {Somasekar, J. and Eswara Reddy, B.},
    pages = {336--351},
    volume = {45},
    publisher = {Elsevier Ltd},
    url = {http://dx.doi.org/10.1016/j.compeleceng.2015.04.009},
    doi = {10.1016/j.compeleceng.2015.04.009},
    issn = {00457906},
    keywords = {Confusion matrix, Edge detection, Malaria diagnosis, Mathematical morphology, Microscopic images, Segmentation}
}

@article{Abidin2017,
    title = {{Segmentation of malaria parasite candidates from thick blood smear microphotographs image using active contour without edge}},
    year = {2017},
    journal = {Proceedings of 2016 1st International Conference on Biomedical Engineering: Empowering Biomedical Technology for Better Future, IBIOMED 2016},
    author = {Abidin, Sekar Rini and Salamah, Umi and Nugroho, Anto Satriyo},
    isbn = {9781509041428},
    doi = {10.1109/IBIOMED.2016.7869824},
    keywords = {Active contour without edge, Malaria parasite candidates, Segmentation, Thick blood smears}
}

@article{Verras2017,
    title = {{Shared Consensus Machine Learning Models for Predicting Blood Stage Malaria Inhibition}},
    year = {2017},
    journal = {Journal of Chemical Information and Modeling},
    author = {Verras, Andreas and Waller, Chris L. and Gedeck, Peter and Green, Darren V.S. and Kogej, Thierry and Raichurkar, Anandkumar and Panda, Manoranjan and Shelat, Anang A. and Clark, Julie and Guy, R. Kiplin and Papadatos, George and Burrows, Jeremy},
    number = {3},
    pages = {445--453},
    volume = {57},
    doi = {10.1021/acs.jcim.6b00572},
    issn = {15205142},
    pmid = {28257198}
}

@article{Bhowmick2013,
    title = {{Structural and textural classification of erythrocytes in anaemic cases: A scanning electron microscopic study}},
    year = {2013},
    journal = {Micron},
    author = {Bhowmick, Sirsendu and Das, Dev Kumar and Maiti, Asok Kumar and Chakraborty, Chandan},
    number = {1},
    pages = {384--394},
    volume = {44},
    doi = {10.1016/j.micron.2012.09.003},
    issn = {09684328},
    pmid = {23063546},
    keywords = {Anaemia, Bayesian classification, Erythrocyte, Scanning electron microscope, Statistical analysis, Structural and textural features}
}

@article{Subramaniam2011,
    title = {{Support Vector Machine Based Classification Model for Screening Plasmodium falciparum Proliferation Inhibitors and Non-Inhibitors}},
    year = {2011},
    journal = {Biomedical Engineering and Computational Biology},
    author = {Subramaniam, Sangeetha and Mehrotra, Monica and Gupta, Dinesh},
    pages = {13},
    url = {http://www.la-press.com/support-vector-machine-based-classification-model-for-screening-plasmo-article-a2752},
    doi = {10.4137/BECB.S7503},
    issn = {1179-5972},
    keywords = {10, 24, 3 13, 4137, becb, biology 2011, biomedical engineering and computational, com, doi, drug, from http, in silico, inhibitor, la-press, molecular descriptors, plasmodium, proliferation, s7503, screening, support vector machine, this article is available, www}
}

@article{Mehrjou,
    title = {{Towards life cycle identification of malaria parasites using machine learning and Riemannian geometry}},
    author = {Mehrjou, Arash},
    pages = {1--22},
    keywords = {image processing, malaria, motorized microscope, thin blood smears}
}

@article{Rajaraman2018,
    title = {{Understanding the learned behavior of customized convolutional neural networks toward malaria parasite detection in thin blood smear images}},
    year = {2018},
    journal = {Journal of Medical Imaging},
    author = {Rajaraman, Sivaramakrishnan and Silamut, Kamolrat and Hossain, Md. A. and Ersoy, I. and Maude, Richard J. and Jaeger, Stefan and Thoma, George R. and Antani, Sameer K.},
    number = {03},
    pages = {1},
    volume = {5},
    url = {https://www.spiedigitallibrary.org/journals/journal-of-medical-imaging/volume-5/issue-03/034501/Understanding-the-learned-behavior-of-customized-convolutional-neural-networks-toward/10.1117/1.JMI.5.3.034501.full},
    doi = {10.1117/1.JMI.5.3.034501},
    issn = {2329-4302},
    keywords = {18, 2018, 25, 7, accepted for publication jun, blood smears, classification, computer-aided diagnosis, convolutional neural networks, deep learning, paper 18042r received mar, published online jul, visualization}
}

@book{WHO2017,
    title = {{World Malaria Report 2017}},
    year = {2017},
    booktitle = {World Health Organization},
    author = {{WHO}},
    pages = {186},
    url = {http://apps.who.int/iris/bitstream/handle/10665/259492/9789241565523-eng.pdf;jsessionid=3B05B30235850B2B29A7FFFDD8A874D8?sequence=1},
    isbn = {9789241511711},
    doi = {10.1071/EC12504},
    issn = {0311-4546},
    pmid = {9375913},
    arxivId = {arXiv:1011.1669v3},
    keywords = {Global Malaria Programme, ISBN 978-92-4-156552-3, Malaria, World Health Organization, World malaria report 2017}
}

@article{Wahyuningrum2012AImages,
    title = {{A hybrid automatic method for parasite detection and identification of Plasmodium falciparum in thin blood images}},
    year = {2012},
    journal = {International Journal of Academic Research},
    author = {Wahyuningrum, Rima Tri and Indrawan, Andi Kusuma},
    number = {6},
    pages = {44--50},
    volume = {4},
    url = {http://www.ijar.lit.az/pdf/ijar/2012(20A-6).pdf},
    doi = {10.7813/2075-4124.2012/4-6/A.6},
    issn = {20754124},
    keywords = {morphological method, multi-class support, stained thin blood film, watershed transformation}
}

@misc{AVisualizat,
    title = {{A Malaria Diagnostic Tool Based on Computer Vision Screening and Visualizat}}
}

@article{Premaratne2006AFilms,
    title = {{A Neural Network Architecture for Automated Recognition of Intracellular Malaria Parasites in Stained Blood Films}},
    year = {2006},
    author = {Premaratne, Sobath Pradeepa and Karunaweera, Nadira Dharshani and Fernando, Shyam},
    pages = {4--7}
}

@article{Jan2018AImages,
    title = {{A review on automated diagnosis of malaria parasite in microscopic blood smears images}},
    year = {2018},
    journal = {Multimedia Tools and Applications},
    author = {Jan, Zahoor and Khan, Arshad and Sajjad, Muhammad and Muhammad, Khan and Rho, Seungmin and Mehmood, Irfan},
    number = {8},
    pages = {9801--9826},
    volume = {77},
    publisher = {Multimedia Tools and Applications},
    doi = {10.1007/s11042-017-4495-2},
    issn = {15737721},
    keywords = {Classification, Malaria parasite, Parasite segmentation, Red blood cells, Thin blood smear}
}

@article{Litjens1998AAnalysis,
    title = {{A Survey on Deep Learning in Medical Image Analysis}},
    year = {1998},
    author = {Litjens, Geert and Kooi, Thijs and Bejnordi, Babak Ehteshami and Arindra, Arnaud and Setio, Adiyoso and Ciompi, Francesco and Ghafoorian, Mohsen and Laak, Jeroen A W M Van Der and Ginneken, Bram Van and Clara, I S},
    number = {1995},
    arxivId = {arXiv:1702.05747v2},
    keywords = {convolutional neural networks, deep learning, medical imaging, survey}
}

@misc{ASynergist,
    title = {{A systematic and prospectively validated approach for identifying synergist}}
}

@article{Purwar2011AutomatedImages,
    title = {{Automated and unsupervised detection of malarial parasites in microscopic images}},
    year = {2011},
    journal = {Malaria Journal},
    author = {Purwar, Yashasvi and Shah, Sirish L. and Clarke, Gwen and Almugairi, Areej and Muehlenbachs, Atis},
    number = {1},
    pages = {364},
    volume = {10},
    publisher = {BioMed Central Ltd},
    url = {http://www.malariajournal.com/content/10/1/364},
    isbn = {1475-2875 (Electronic){\textbackslash}r1475-2875 (Linking)},
    doi = {10.1186/1475-2875-10-364},
    issn = {14752875},
    pmid = {22165867}
}

@article{Krappe2017AutomatedNetworks,
    title = {{Automated plasmodia recognition in microscopic images for diagnosis of malaria using convolutional neural networks}},
    year = {2017},
    author = {Krappe, Sebastian and Benz, Michaela and Gryanik, Alexander and Tannich, Egbert and Wegner, Christine and Stamminger, Marc and Wittenberg, Thomas and M{\"{u}}nzenmayer, Chrisitan},
    pages = {101400B},
    volume = {10140},
    url = {http://proceedings.spiedigitallibrary.org/proceeding.aspx?doi=10.1117/12.2249845},
    isbn = {9781510607255},
    doi = {10.1117/12.2249845},
    issn = {16057422},
    keywords = {automated microscopy, convolutional neural networks, image analysis, machine learning, malaria diagnosis, plasmodia recognition}
}

@article{S2014AutomaticAnnaldas,
    title = {{Automatic Identification of Malaria Parasites using Image Processing Miss. Shruti Annaldas}},
    year = {2014},
    journal = {International Journal of Emerging Engineering Research and Technology},
    author = {S, Annaldas and Shirgan, S and Marathe, V R},
    number = {4},
    pages = {107--112},
    volume = {2},
    url = {http://www.ijeert.org/pdf/v2-i4/13.pdf},
    keywords = {Neural network, Support Vector Machine, malaria parasites}
}

@article{Das2015ComputationalReview,
    title = {{Computational microscopic imaging for malaria parasite detection: A systematic review}},
    year = {2015},
    journal = {Journal of Microscopy},
    author = {Das, D. K. and Mukherjee, R. and Chakraborty, C.},
    number = {1},
    pages = {1--19},
    volume = {260},
    doi = {10.1111/jmi.12270},
    issn = {13652818},
    pmid = {26047029},
    keywords = {Computer-aided diagnosis, Human blood smear, Malaria parasites, Microscopic imaging, Segmentation}
}

@article{Gopakumar2018ConvolutionalScanner,
    title = {{Convolutional neural network-based malaria diagnosis from focus stack of blood smear images acquired using custom-built slide scanner}},
    year = {2018},
    journal = {Journal of Biophotonics},
    author = {Gopakumar, Gopalakrishna Pillai and Swetha, Murali and Sai Siva, Gorthi and Sai Subrahmanyam, Gorthi R.K.},
    number = {3},
    volume = {11},
    doi = {10.1002/jbio.201700003},
    issn = {18640648},
    keywords = {blood cell segmentation, cell classification, convoltional neural network, malaria diagnosis}
}

@article{Quinn2016DeepDiagnostics,
    title = {{Deep Convolutional Neural Networks for Microscopy-Based Point of Care Diagnostics}},
    year = {2016},
    journal = {Machine Learning and Healthcare Conference (MLHC 2016)},
    author = {Quinn, John A. and Nakasi, Rose and Mugagga, Pius K. B. and Byanyima, Patrick and Lubega, William and Andama, Alfred},
    volume = {56},
    url = {http://arxiv.org/abs/1608.02989},
    arxivId = {1608.02989}
}

@book{Zhou2017DeepAnalysis,
    title = {{Deep Learning for Medical Image Analysis}},
    year = {2017},
    author = {Zhou, Kevin and Greenspan, Hayit and Shen, Dinggang},
    url = {http://www.ebook.de/de/product/26725315/kevin_zhou_hayit_greenspan_dinggang_shen_deep_learning_for_medical_image_analysis.html},
    isbn = {0128104082}
}

@article{Hanscheid1999DiagnosisMicroscopy,
    title = {{Diagnosis of malaria: A review of alternatives to conventional microscopy}},
    year = {1999},
    journal = {Clinical and Laboratory Haematology},
    author = {H{\"{a}}nscheid, T.},
    number = {4},
    pages = {235--245},
    volume = {21},
    isbn = {0141-9854},
    doi = {10.1046/j.1365-2257.1999.00220.x},
    issn = {01419854},
    pmid = {10583325},
    keywords = {Antigen- detection, Fluorescent microscopy, Imported malaria, Malaria diagnosis, Microscopy, New techniques, PCR}
}

@article{Frean2009DigitalAnalysis,
    title = {{digital image analysis}},
    year = {2009},
    author = {Frean, John A},
    pages = {1--8},
    volume = {8},
    doi = {10.1186/1475-2875-8-218}
}

@article{Chen2016DirectSpectroscopy,
    title = {{Direct detection of malaria infected red blood cells by surface enhanced Raman spectroscopy}},
    year = {2016},
    journal = {Nanomedicine: Nanotechnology, Biology, and Medicine},
    author = {Chen, Funing and Flaherty, Briana R. and Cohen, Charli E. and Peterson, David S. and Zhao, Yiping},
    number = {6},
    pages = {1445--1451},
    volume = {12},
    publisher = {Elsevier B.V.},
    url = {http://dx.doi.org/10.1016/j.nano.2016.03.001},
    isbn = {2013102100},
    doi = {10.1016/j.nano.2016.03.001},
    issn = {15499642},
    pmid = {27015769},
    keywords = {Biosensors, Cell membrane, Diagnostics, Malaria, Red blood cell, SERS}
}

@article{Sousa2010GerenciamentoNuvem,
    title = {{Gerenciamento de Dados em Nuvem}},
    year = {2010},
    journal = {Dados},
    author = {Sousa, FlÃ¡vio R C and Moreira, Leonardo O and De Mac{\^{e}}do, JosÃ© AntÃ´nio F and Machado, Javam C},
    pages = {40},
    volume = {2014},
    url = {http://www.es.ufc.br/~flavio/?p=47}
}

@article{NauberImageApresentacao,
    title = {{Image Segmentation of Blood Smears using GAN Networks Apresenta{\c{c}}{\~{a}}o}},
    author = {Nauber, Francisco and Gois, Bernardo}
}

@article{Frean2008ImprovingAnalysis,
    title = {{Improving quantitation of malaria parasite burden with digital image analysis}},
    year = {2008},
    journal = {Transactions of the Royal Society of Tropical Medicine and Hygiene},
    author = {Frean, John},
    number = {11},
    pages = {1062--1063},
    volume = {102},
    isbn = {9241546948},
    doi = {10.1016/j.trstmh.2008.04.017},
    issn = {00359203},
    pmid = {18514244},
    keywords = {Digital image analysis, Malaria, Parasite burden, Parasites, Quantitation, Technology}
}

@article{Ver2015MachineImages,
    title = {{Machine learning approach for automated screening of malaria parasite using light microscopic images}},
    year = {2015},
    journal = {Micron},
    author = {Ver, N I and Sharma, Vijeta and Kumar, Ajai and Panat, Lakshmi and Karajkhede, Ganesh and Park, Han Sang and Rinehart, Matthew T. and Walzer, Katelyn A. and Ashley Chi, Jen Tsan and Wax, Adam and Das, Dev Kumar and Ghosh, Madhumala and Pal, Mallika and Maiti, Asok K. and Chakraborty, Chandan},
    number = {12},
    pages = {97--106},
    volume = {45},
    url = {http://dx.doi.org/10.1016/j.micron.2012.11.002},
    doi = {10.1016/j.micron.2012.11.002},
    issn = {09684328},
    pmid = {23218914},
    keywords = {Bayesian classifier, Erythrocyte, Machine learning, Malaria parasite, Texture, artificial neural network, machine learning, malaria, outbreak, public heath, support vector machine}
}

@book{Yan2017Multi-InstanceRecognition,
    title = {{Multi-Instance Multi-Stage Deep Learning for Medical Image Recognition}},
    year = {2017},
    booktitle = {Deep Learning for Medical Image Analysis},
    author = {Yan, Zhennan and Zhan, Yiqiang and Zhang, Shaoting and Metaxas, Dimitris and Zhou, Xiang Sean},
    edition = {1},
    pages = {83--104},
    publisher = {Elsevier Inc.},
    url = {http://dx.doi.org/10.1016/B978-0-12-810408-8.00006-7},
    isbn = {9780128104095},
    doi = {10.1016/B978-0-12-810408-8.00006-7},
    keywords = {CNN, Discriminative local information discovery, Multi-instance, Multi-stage}
}

@misc{Portal,
    title = {{Portal }}
}

@article{Rajaraman2018Pre-trainedImages,
    title = {{Pre-trained convolutional neural networks as feature extractors toward improved malaria parasite detection in thin blood smear images}},
    year = {2018},
    journal = {PeerJ},
    author = {Rajaraman, Sivaramakrishnan and Antani, Sameer K. and Poostchi, Mahdieh and Silamut, Kamolrat and Hossain, Md. A. and Maude, Richard J. and Jaeger, Stefan and Thoma, George R.},
    pages = {e4568},
    volume = {6},
    url = {https://peerj.com/articles/4568},
    doi = {10.7717/peerj.4568},
    issn = {2167-8359},
    pmid = {29682411}
}

@article{Mandal2010SegmentationParasites,
    title = {{Segmentation of blood smear images using normalized cuts for detection of malarial parasites}},
    year = {2010},
    journal = {Proceedings of the 2010 Annual IEEE India Conference: Green Energy, Computing and Communication, INDICON 2010},
    author = {Mandal, Subhamoy and Kumar, Amit and Chatterjee, J. and Manjunatha, M. and Ray, Ajoy K.},
    pages = {1--4},
    isbn = {9781424490745},
    doi = {10.1109/INDCON.2010.5712739},
    keywords = {Color Image Processing, Image Processing, Medical Imaging, Normalized Cuts, Segmentation}
}

@article{Tulsani2013SegmentationCells,
    title = {{Segmentation using Morphological Watershed Transformation for Counting Blood Cells}},
    year = {2013},
    journal = {International Journal of Computer Applications {\&} Information Technology},
    author = {Tulsani, Hemant and Saxena, Saransh and Yadav, Naveen},
    number = {3},
    pages = {28--36},
    volume = {2},
    keywords = {biomedical image processing, counting, marker-based watershed, morphological image processing, segmentation}
}

@article{Sivaramakrishnan2017VisualizingClassification,
    title = {{Visualizing Deep Learning Activations for Improved Malaria Cell Classification}},
    year = {2017},
    journal = {First Workshop Medical Informatics and Healthcare (MIH 2017), PMLR},
    author = {Sivaramakrishnan, R and Antani, Sameer and Jaeger, Stefan},
    pages = {40--47},
    keywords = {classification, deep learning, deep networks, machine learning, malaria, pre-trained models, visualizing activations}
}

@article{Maity2017Web-EnabledApproach,
    title = {{Web-Enabled Distributed Health-Care Framework for Automated Malaria Parasite Classification: an E-Health Approach}},
    year = {2017},
    journal = {Journal of Medical Systems},
    author = {Maity, Maitreya and Dhane, Dhiraj and Mungle, Tushar and Maiti, A. K. and Chakraborty, Chandan},
    number = {12},
    volume = {41},
    publisher = {Journal of Medical Systems},
    isbn = {1091601708340},
    doi = {10.1007/s10916-017-0834-0},
    issn = {1573689X},
    pmid = {29075939},
    keywords = {Computer-aided diagnosis, Electronic healthcare system, Feature extraction, Feature selection, Malaria screening, Supervised classification}
}